%% This BibTeX bibliography file was created using BibDesk.
%% https://bibdesk.sourceforge.io/

%% Created for Dr Ji Li at 2021-10-11 21:47:40 +1100 


%% Saved with string encoding Unicode (UTF-8) 


@article {MR4667745,
    AUTHOR = {Z. Gong and J. Li and B.D. Wick},
     TITLE = {Besov spaces, {S}chatten classes and weighted versions of the
              quantised derivative},
   JOURNAL = {Anal. Math.},
  FJOURNAL = {Analysis Mathematica},
    VOLUME = {49},
      YEAR = {2023},
    NUMBER = {4},
     PAGES = {971--1006},
      ISSN = {0133-3852},
   MRCLASS = {47B10 (42B20 43A85)},
  MRNUMBER = {4667745},
       DOI = {10.1007/s10476-023-0246-y},
       URL = {https://doi.org/10.1007/s10476-023-0246-y},
}

@article {MR1188788,
    AUTHOR = {P.G. Dodds and T.K. Dodds and B. de Pagter},
     TITLE = {Fully symmetric operator spaces},
   JOURNAL = {Integral Equations Operator Theory},
  FJOURNAL = {Integral Equations and Operator Theory},
    VOLUME = {15},
      YEAR = {1992},
    NUMBER = {6},
     PAGES = {942--972},
      ISSN = {0378-620X},
   MRCLASS = {46L50 (46B70 47D40)},
  MRNUMBER = {1188788},
MRREVIEWER = {V. I. Chilin},
       DOI = {10.1007/BF01203122},
       URL = {https://doi.org/10.1007/BF01203122},
}

@article {MR4660138,
    AUTHOR = {J.M. Conde-Alonso and A.M. Gonz\'{a}lez-P\'{e}rez and
              J. Parcet and E. Tablate},
     TITLE = {Schur multipliers in {S}chatten--von {N}eumann classes},
   JOURNAL = {Ann. of Math. (2)},
  FJOURNAL = {Annals of Mathematics. Second Series},
    VOLUME = {198},
      YEAR = {2023},
    NUMBER = {3},
     PAGES = {1229--1260},
      ISSN = {0003-486X},
   MRCLASS = {42B15 (42B20 47B10)},
  MRNUMBER = {4660138},
       DOI = {10.4007/annals.2023.198.3.5},
       URL = {https://doi.org/10.4007/annals.2023.198.3.5},
}

@book {MR541149,
    AUTHOR = {B. Simon},
     TITLE = {Trace ideals and their applications},
    SERIES = {London Mathematical Society Lecture Note Series},
    VOLUME = {35},
 PUBLISHER = {Cambridge University Press, Cambridge-New York},
      YEAR = {1979},
     PAGES = {viii+134},
      ISBN = {0-521-22286-9},
   MRCLASS = {47D25 (47A40 81F99)},
  MRNUMBER = {541149},
MRREVIEWER = {M. Demuth},
}


@book {LSZ2,
    AUTHOR = {S. Lord and E. McDonald and F. Sukochev and
              D. Zanin},
     TITLE = {Singular traces. {V}ol. 2. {T}race formulas},
    SERIES = {De Gruyter Studies in Mathematics},
    VOLUME = {46/2},
      NOTE = {Second edition [of  3099777]},
 PUBLISHER = {De Gruyter, Berlin},
      YEAR = {[2023] \copyright 2023},
     PAGES = {xl+471},
      ISBN = {978-3-11-070000-8; 978-3-11-070017-6; 978-3-11-070024-4},
   MRCLASS = {47-02 (46L51 47B06 47B10 47G30 47L20 58B34 58J42)},
  MRNUMBER = {4604115},
}
		

@book {MR167642,
    AUTHOR = {M. Abramowitz and I.A. Stegun},
     TITLE = {Handbook of mathematical functions with formulas, graphs, and
              mathematical tables},
    SERIES = {National Bureau of Standards Applied Mathematics Series, No.
              55},
      NOTE = {For sale by the Superintendent of Documents},
 PUBLISHER = {U. S. Government Printing Office, Washington, DC},
      YEAR = {1964},
     PAGES = {xiv+1046},
   MRCLASS = {33.00 (65.05)},
  MRNUMBER = {167642},
MRREVIEWER = {D. H. Lehmer},
}

@article {MR3158507,
    AUTHOR = {J. Isralowitz},
     TITLE = {Schatten {$p$} class commutators on the weighted {B}ergman
              space {$L_a^2(\Bbb B_n,{\rm d}v_\gamma)$} for
              {$2n/(n+1+\gamma)<p<\infty$}},
   JOURNAL = {Indiana Univ. Math. J.},
  FJOURNAL = {Indiana University Mathematics Journal},
    VOLUME = {62},
      YEAR = {2013},
    NUMBER = {1},
     PAGES = {201--233},
      ISSN = {0022-2518},
   MRCLASS = {32A36 (47B47)},
  MRNUMBER = {3158507},
MRREVIEWER = {Jie Miao},
       DOI = {10.1512/iumj.2013.62.4767},
       URL = {https://doi.org/10.1512/iumj.2013.62.4767},
}

@article {MR4231681,
    AUTHOR = {X.T. Duong and J. Li and B.D. Wick and D. Yang},
     TITLE = {Characterizations of product {H}ardy spaces in {B}essel
              setting},
   JOURNAL = {J. Fourier Anal. Appl.},
  FJOURNAL = {The Journal of Fourier Analysis and Applications},
    VOLUME = {27},
      YEAR = {2021},
    NUMBER = {2},
     PAGES = {Paper No. 24, 65},
      ISSN = {1069-5869},
   MRCLASS = {42B35 (30L99 42B25 42B30)},
  MRNUMBER = {4231681},
MRREVIEWER = {Dorian Guzu},
       DOI = {10.1007/s00041-021-09823-4},
       URL = {https://doi.org/10.1007/s00041-021-09823-4},
}

@article {MR3689327,
    AUTHOR = {X.T. Duong and J. Li and B.D. Wick and D. Yang},
     TITLE = {Factorization for {H}ardy spaces and characterization for
              {BMO} spaces via commutators in the {B}essel setting},
   JOURNAL = {Indiana Univ. Math. J.},
  FJOURNAL = {Indiana University Mathematics Journal},
    VOLUME = {66},
      YEAR = {2017},
    NUMBER = {4},
     PAGES = {1081--1106},
      ISSN = {0022-2518},
   MRCLASS = {42B30},
  MRNUMBER = {3689327},
MRREVIEWER = {Guixiang Hong},
       DOI = {10.1512/iumj.2017.66.6115},
       URL = {https://doi.org/10.1512/iumj.2017.66.6115},
}

@article {MR3829612,
    AUTHOR = {X.T. Duong and J. Li and S. Mao and H. Wu  and D. Yang},
     TITLE = {Compactness of {R}iesz transform commutator associated with
              {B}essel operators},
   JOURNAL = {J. Anal. Math.},
  FJOURNAL = {Journal d'Analyse Math\'{e}matique},
    VOLUME = {135},
      YEAR = {2018},
    NUMBER = {2},
     PAGES = {639--673},
      ISSN = {0021-7670},
   MRCLASS = {42B10 (47F05)},
  MRNUMBER = {3829612},
       DOI = {10.1007/s11854-018-0048-5},
       URL = {https://doi.org/10.1007/s11854-018-0048-5},
}

@article {MR4361597,
    AUTHOR = {Y. Chen and X.T. Duong and J. Li and W. Tao and D. Yang},
     TITLE = {Square roots of the {B}essel operators and the related
              {L}ittlewood-{P}aley estimates},
   JOURNAL = {Studia Math.},
  FJOURNAL = {Studia Mathematica},
    VOLUME = {263},
      YEAR = {2022},
    NUMBER = {1},
     PAGES = {19--58},
      ISSN = {0039-3223},
   MRCLASS = {42B20 (42B25)},
  MRNUMBER = {4361597},
MRREVIEWER = {Feng Liu},
       DOI = {10.4064/sm190922-19-11},
       URL = {https://doi.org/10.4064/sm190922-19-11},
}

@article {MR3922045,
    AUTHOR = {J.J. Betancor and X.T. Duong and J. Li and B.D. Wick and D. Yang},
     TITLE = {Product {H}ardy, {BMO} spaces and iterated commutators
              associated with {B}essel {S}chr\"{o}dinger operators},
   JOURNAL = {Indiana Univ. Math. J.},
  FJOURNAL = {Indiana University Mathematics Journal},
    VOLUME = {68},
      YEAR = {2019},
    NUMBER = {1},
     PAGES = {247--289},
      ISSN = {0022-2518},
   MRCLASS = {42B30 (35J10 42B25 42B35)},
  MRNUMBER = {3922045},
MRREVIEWER = {Hua Wang},
       DOI = {10.1512/iumj.2019.68.7578},
       URL = {https://doi.org/10.1512/iumj.2019.68.7578},
}

@article {MR1359927,
    AUTHOR = {D.E. Edmunds and  V.D. Stepanov},
     TITLE = {On the singular numbers of certain {V}olterra integral
              operators},
   JOURNAL = {J. Funct. Anal.},
  FJOURNAL = {Journal of Functional Analysis},
    VOLUME = {134},
      YEAR = {1995},
    NUMBER = {1},
     PAGES = {222--246},
      ISSN = {0022-1236},
   MRCLASS = {47G10 (45P05 47B10)},
  MRNUMBER = {1359927},
MRREVIEWER = {Krzysztof Nowak},
       DOI = {10.1006/jfan.1995.1143},
       URL = {https://doi.org/10.1006/jfan.1995.1143},
}

@article {MR3494249,
    AUTHOR = {G. Rozenblum and M. Ruzhansky and D. Suragan},
     TITLE = {Isoperimetric inequalities for {S}chatten norms of {R}iesz
              potentials},
   JOURNAL = {J. Funct. Anal.},
  FJOURNAL = {Journal of Functional Analysis},
    VOLUME = {271},
      YEAR = {2016},
    NUMBER = {1},
     PAGES = {224--239},
      ISSN = {0022-1236},
   MRCLASS = {35P15 (35J20 35S15 47G40)},
  MRNUMBER = {3494249},
MRREVIEWER = {G\"{u}nter Berger},
       DOI = {10.1016/j.jfa.2016.04.023},
       URL = {https://doi.org/10.1016/j.jfa.2016.04.023},
}

@article {MR3212723,
    AUTHOR = {J. Delgado and M. Ruzhansky},
     TITLE = {Schatten classes on compact manifolds: kernel conditions},
   JOURNAL = {J. Funct. Anal.},
  FJOURNAL = {Journal of Functional Analysis},
    VOLUME = {267},
      YEAR = {2014},
    NUMBER = {3},
     PAGES = {772--798},
      ISSN = {0022-1236},
   MRCLASS = {47G10 (22E30 58J40)},
  MRNUMBER = {3212723},
MRREVIEWER = {Vladimir V. Kisil},
       DOI = {10.1016/j.jfa.2014.04.016},
       URL = {https://doi.org/10.1016/j.jfa.2014.04.016},
}

@article {MR3010276,
    AUTHOR = {K. Seip and E.H. Youssfi},
     TITLE = {Hankel operators on {F}ock spaces and related {B}ergman kernel
              estimates},
   JOURNAL = {J. Geom. Anal.},
  FJOURNAL = {Journal of Geometric Analysis},
    VOLUME = {23},
      YEAR = {2013},
    NUMBER = {1},
     PAGES = {170--201},
      ISSN = {1050-6926},
   MRCLASS = {32A37 (47B35)},
  MRNUMBER = {3010276},
MRREVIEWER = {Yanyue Shi},
       DOI = {10.1007/s12220-011-9241-9},
       URL = {https://doi.org/10.1007/s12220-011-9241-9},
}

@article {MR1323687,
    AUTHOR = {D. Fan and Z. Wu},
     TITLE = {Norm estimates for iterated commutators on the {B}ergman
              spaces of the unit ball},
   JOURNAL = {Amer. J. Math.},
  FJOURNAL = {American Journal of Mathematics},
    VOLUME = {117},
      YEAR = {1995},
    NUMBER = {2},
     PAGES = {523--543},
      ISSN = {0002-9327},
   MRCLASS = {47B38 (47B10)},
  MRNUMBER = {1323687},
MRREVIEWER = {Li Zhong Peng},
       DOI = {10.2307/2374926},
       URL = {https://doi.org/10.2307/2374926},
}

@article {MR4687434,
    AUTHOR = {P. Villarroya},
     TITLE = {The {S}chatten {C}lasses of {C}alder\'{o}n--{Z}ygmund {O}perators},
   JOURNAL = {J. Fourier Anal. Appl.},
  FJOURNAL = {The Journal of Fourier Analysis and Applications},
    VOLUME = {30},
      YEAR = {2024},
    NUMBER = {1},
     PAGES = {Paper no. 9},
      ISSN = {1069-5869},
   MRCLASS = {42B20 (42C40 47B07 47G10)},
  MRNUMBER = {4687434},
       DOI = {10.1007/s00041-023-10059-7},
       URL = {https://doi.org/10.1007/s00041-023-10059-7},
}

@article {MR3650324,
    AUTHOR = {J. Delgado and M. Ruzhansky and N. Tokmagambetov},
     TITLE = {Schatten classes, nuclearity and nonharmonic analysis on
              compact manifolds with boundary},
   JOURNAL = {J. Math. Pures Appl. (9)},
  FJOURNAL = {Journal de Math\'{e}matiques Pures et Appliqu\'{e}es. Neuvi\`eme S\'{e}rie},
    VOLUME = {107},
      YEAR = {2017},
    NUMBER = {6},
     PAGES = {758--783},
      ISSN = {0021-7824},
   MRCLASS = {58J40 (35S05 42B05 47B10 58J32)},
  MRNUMBER = {3650324},
MRREVIEWER = {Luigi Rodino},
       DOI = {10.1016/j.matpur.2016.10.005},
       URL = {https://doi.org/10.1016/j.matpur.2016.10.005},
}

@article {MR4312282,
    AUTHOR = {J. Delgado and M. Ruzhansky},
     TITLE = {Schatten--von {N}eumann classes of integral operators},
   JOURNAL = {J. Math. Pures Appl. (9)},
  FJOURNAL = {Journal de Math\'{e}matiques Pures et Appliqu\'{e}es. Neuvi\`eme S\'{e}rie},
    VOLUME = {154},
      YEAR = {2021},
     PAGES = {1--29},
      ISSN = {0021-7824},
   MRCLASS = {47G10 (22E30 47B10 58J40)},
  MRNUMBER = {4312282},
MRREVIEWER = {Giuseppe Di Fazio},
       DOI = {10.1016/j.matpur.2021.08.006},
       URL = {https://doi.org/10.1016/j.matpur.2021.08.006},
}

@article {MR899655,
    AUTHOR = {D.H. Luecking},
     TITLE = {Trace ideal criteria for {T}oeplitz operators},
   JOURNAL = {J. Funct. Anal.},
  FJOURNAL = {Journal of Functional Analysis},
    VOLUME = {73},
      YEAR = {1987},
    NUMBER = {2},
     PAGES = {345--368},
      ISSN = {0022-1236},
   MRCLASS = {47B35 (46E15 46J15)},
  MRNUMBER = {899655},
MRREVIEWER = {Richard Rochberg},
       DOI = {10.1016/0022-1236(87)90072-3},
       URL = {https://doi.org/10.1016/0022-1236(87)90072-3},
}

@article {MR1766114,
    AUTHOR = {V.D. Stepanov},
     TITLE = {On the lower bounds for {S}chatten-von {N}eumann norms of
              certain {V}olterra integral operators},
   JOURNAL = {J. London Math. Soc. (2)},
  FJOURNAL = {Journal of the London Mathematical Society. Second Series},
    VOLUME = {61},
      YEAR = {2000},
    NUMBER = {3},
     PAGES = {905--922},
      ISSN = {0024-6107},
   MRCLASS = {47G10 (45P05 47B10)},
  MRNUMBER = {1766114},
MRREVIEWER = {Krzysztof Nowak},
       DOI = {10.1112/S0024610700008814},
       URL = {https://doi.org/10.1112/S0024610700008814},
}

@article {MR4660138,
    AUTHOR = {J.M. Conde-Alonso and A.M. Gonz\'{a}lez-P\'{e}rez and
              J. Parcet and E. Tablate},
     TITLE = {Schur multipliers in {S}chatten--von {N}eumann classes},
   JOURNAL = {Ann. of Math. (2)},
  FJOURNAL = {Annals of Mathematics. Second Series},
    VOLUME = {198},
      YEAR = {2023},
    NUMBER = {3},
     PAGES = {1229--1260},
      ISSN = {0003-486X},
   MRCLASS = {42B15 (42B20 47B10)},
  MRNUMBER = {4660138},
       DOI = {10.4007/annals.2023.198.3.5},
       URL = {https://doi.org/10.4007/annals.2023.198.3.5},
}

@article {MR53289,
    AUTHOR = {A. Weinstein},
     TITLE = {Generalized axially symmetric potential theory},
   JOURNAL = {Bull. Amer. Math. Soc.},
  FJOURNAL = {Bulletin of the American Mathematical Society},
    VOLUME = {59},
      YEAR = {1953},
     PAGES = {20--38},
      ISSN = {0002-9904},
   MRCLASS = {31.0X},
  MRNUMBER = {53289},
MRREVIEWER = {M. Pinl},
       DOI = {10.1090/S0002-9904-1953-09651-3},
       URL = {https://doi.org/10.1090/S0002-9904-1953-09651-3},
}

@article {MR1087805,
    AUTHOR = {K. Zhu},
     TITLE = {Schatten class {H}ankel operators on the {B}ergman space of
              the unit ball},
   JOURNAL = {Amer. J. Math.},
  FJOURNAL = {American Journal of Mathematics},
    VOLUME = {113},
      YEAR = {1991},
    NUMBER = {1},
     PAGES = {147--167},
      ISSN = {0002-9327},
   MRCLASS = {47B35 (32A37 44A15 47B10)},
  MRNUMBER = {1087805},
MRREVIEWER = {Sheldon Axler},
       DOI = {10.2307/2374825},
       URL = {https://doi.org/10.2307/2374825},
}


@article {MR1933726,
    AUTHOR = {P. Auscher and S. Hofmann and M. Lacey and
             A.  McIntosh and Ph. Tchamitchian},
     TITLE = {The solution of the {K}ato square root problem for second
              order elliptic operators on {${\Bbb R}^n$}},
   JOURNAL = {Ann. of Math. (2)},
  FJOURNAL = {Annals of Mathematics. Second Series},
    VOLUME = {156},
      YEAR = {2002},
    NUMBER = {2},
     PAGES = {633--654},
      ISSN = {0003-486X},
   MRCLASS = {47F05 (35J15 42B20 47B44)},
  MRNUMBER = {1933726},
MRREVIEWER = {Carlos E. Kenig},
       DOI = {10.2307/3597201},
       URL = {https://doi.org/10.2307/3597201},
}


@article {MR2163867,
    AUTHOR = {X.T. Duong and L. Yan},
     TITLE = {Duality of {H}ardy and {BMO} spaces associated with operators
              with heat kernel bounds},
   JOURNAL = {J. Amer. Math. Soc.},
  FJOURNAL = {Journal of the American Mathematical Society},
    VOLUME = {18},
      YEAR = {2005},
    NUMBER = {4},
     PAGES = {943--973},
      ISSN = {0894-0347},
   MRCLASS = {42B30 (26B30 30D55 42B35 46E15 47F05)},
  MRNUMBER = {2163867},
MRREVIEWER = {Emmanuel Russ},
       DOI = {10.1090/S0894-0347-05-00496-0},
       URL = {https://doi.org/10.1090/S0894-0347-05-00496-0},
}


@article {MR2162784,
    AUTHOR = {X.T. Duong and L. Yan},
     TITLE = {New function spaces of {BMO} type, the {J}ohn-{N}irenberg
              inequality, interpolation, and applications},
   JOURNAL = {Comm. Pure Appl. Math.},
  FJOURNAL = {Communications on Pure and Applied Mathematics},
    VOLUME = {58},
      YEAR = {2005},
    NUMBER = {10},
     PAGES = {1375--1420},
      ISSN = {0010-3640},
   MRCLASS = {26A45 (26D15 42B20 46B70 46E15 46M35)},
  MRNUMBER = {2162784},
MRREVIEWER = {Petr Gurka},
       DOI = {10.1002/cpa.20080},
       URL = {https://doi.org/10.1002/cpa.20080},
}

@article {MR2868142,
    AUTHOR = {S. Hofmann and G. Lu and D. Mitrea and M. Mitrea and L. Yan},
     TITLE = {Hardy spaces associated to non-negative self-adjoint operators
              satisfying {D}avies-{G}affney estimates},
   JOURNAL = {Mem. Amer. Math. Soc.},
  FJOURNAL = {Memoirs of the American Mathematical Society},
    VOLUME = {214},
      YEAR = {2011},
    NUMBER = {1007},
     PAGES = {vi+78},
      ISSN = {0065-9266},
      ISBN = {978-0-8218-5238-5},
   MRCLASS = {42B35 (35J10 42B20 42B25 46B70 46E20 47G30)},
  MRNUMBER = {2868142},
MRREVIEWER = {Marcin M. Bownik},
       DOI = {10.1090/S0065-9266-2011-00624-6},
       URL = {https://doi.org/10.1090/S0065-9266-2011-00624-6},
}

@article {MR3481176,
    AUTHOR = {J. Dziuba\'{n}ski and M. Preisner and L. Roncal and
              P.R. Stinga},
     TITLE = {Hardy spaces for {F}ourier-{B}essel expansions},
   JOURNAL = {J. Anal. Math.},
  FJOURNAL = {Journal d'Analyse Math\'{e}matique},
    VOLUME = {128},
      YEAR = {2016},
     PAGES = {261--287},
      ISSN = {0021-7670},
   MRCLASS = {42B35},
  MRNUMBER = {3481176},
MRREVIEWER = {Mar\'{\i}a Jes\'{u}s Planells},
       DOI = {10.1007/s11854-016-0009-9},
       URL = {https://doi.org/10.1007/s11854-016-0009-9},
}

@article {MR2496404,
    AUTHOR = {J.J. Betancor and J. Dziuba\'{n}ski and J.L. Torrea},
     TITLE = {On {H}ardy spaces associated with {B}essel operators},
   JOURNAL = {J. Anal. Math.},
  FJOURNAL = {Journal d'Analyse Math\'{e}matique},
    VOLUME = {107},
      YEAR = {2009},
     PAGES = {195--219},
      ISSN = {0021-7670},
   MRCLASS = {42B20 (46E10)},
  MRNUMBER = {2496404},
MRREVIEWER = {Vladimir D. Stepanov},
       DOI = {10.1007/s11854-009-0008-1},
       URL = {https://doi.org/10.1007/s11854-009-0008-1},
}

@article {MR4179877,
    AUTHOR = {R. Rahm and E.T. Sawyer and B.D. Wick},
     TITLE = {Weighted {A}lpert wavelets},
   JOURNAL = {J. Fourier Anal. Appl.},
  FJOURNAL = {The Journal of Fourier Analysis and Applications},
    VOLUME = {27},
      YEAR = {2021},
    NUMBER = {1},
     PAGES = {Paper No. 1, 41},
      ISSN = {1069-5869},
   MRCLASS = {42C40},
  MRNUMBER = {4179877},
MRREVIEWER = {Marcin M. Bownik},
       DOI = {10.1007/s00041-020-09784-0},
       URL = {https://doi.org/10.1007/s00041-020-09784-0},
}

@article {MR4554083,
    AUTHOR = {E.T. Sawyer and B.D. Wick},
     TITLE = {Two weight {S}obolev norm inequalities for smooth
              {C}alder\'{o}n-{Z}ygmund operators and doubling weights},
   JOURNAL = {Math. Z.},
  FJOURNAL = {Mathematische Zeitschrift},
    VOLUME = {303},
      YEAR = {2023},
    NUMBER = {4},
     PAGES = {Paper No. 81, 74},
      ISSN = {0025-5874},
   MRCLASS = {42B35 (42B20 42B25)},
  MRNUMBER = {4554083},
       DOI = {10.1007/s00209-023-03220-x},
       URL = {https://doi.org/10.1007/s00209-023-03220-x},
}
		

@article {MR654483,
    AUTHOR = {R. Rochberg},
     TITLE = {Interpolation by functions in {B}ergman spaces},
   JOURNAL = {Michigan Math. J.},
  FJOURNAL = {Michigan Mathematical Journal},
    VOLUME = {29},
      YEAR = {1982},
    NUMBER = {2},
     PAGES = {229--236},
      ISSN = {0026-2285},
   MRCLASS = {30D99 (32A30 46E20 46J15)},
  MRNUMBER = {654483},
MRREVIEWER = {J. A. Cima},
       URL = {http://projecteuclid.org/euclid.mmj/1029002675},
}

@article {MR2823879,
    AUTHOR = {D. Yang and D. Yang},
     TITLE = {Real-variable characterizations of {H}ardy spaces associated
              with {B}essel operators},
   JOURNAL = {Anal. Appl. (Singap.)},
  FJOURNAL = {Analysis and Applications},
    VOLUME = {9},
      YEAR = {2011},
    NUMBER = {3},
     PAGES = {345--368},
      ISSN = {0219-5305},
   MRCLASS = {42B30 (42B25 42B35)},
  MRNUMBER = {2823879},
       DOI = {10.1142/S021953051100187X},
       URL = {https://doi.org/10.1142/S021953051100187X},
}

@article {MR3176917,
    AUTHOR = {A.J. Castro and T.Z. Szarek},
     TITLE = {Calder\'{o}n-{Z}ygmund operators in the {B}essel setting for all
              possible type indices},
   JOURNAL = {Acta Math. Sin. (Engl. Ser.)},
  FJOURNAL = {Acta Mathematica Sinica (English Series)},
    VOLUME = {30},
      YEAR = {2014},
    NUMBER = {4},
     PAGES = {637--648},
      ISSN = {1439-8516},
   MRCLASS = {42B20 (47F05)},
  MRNUMBER = {3176917},
MRREVIEWER = {Dashan Fan},
       DOI = {10.1007/s10114-014-2326-1},
       URL = {https://doi.org/10.1007/s10114-014-2326-1},
}

@book {MR3243734,
    AUTHOR = {L. Grafakos},
     TITLE = {Classical {F}ourier analysis},
    SERIES = {Graduate Texts in Mathematics},
    VOLUME = {249},
   EDITION = {Third},
 PUBLISHER = {Springer, New York},
      YEAR = {2014},
     PAGES = {xviii+638},
      ISBN = {978-1-4939-1193-6; 978-1-4939-1194-3},
   MRCLASS = {42-01 (42Bxx)},
  MRNUMBER = {3243734},
MRREVIEWER = {Atanas G. Stefanov},
       DOI = {10.1007/978-1-4939-1194-3},
       URL = {https://doi.org/10.1007/978-1-4939-1194-3},
}

@article {MR2084959,
    AUTHOR = {D. Yang},
     TITLE = {Real interpolations for {B}esov and {T}riebel-{L}izorkin
              spaces on spaces of homogeneous type},
   JOURNAL = {Math. Nachr.},
  FJOURNAL = {Mathematische Nachrichten},
    VOLUME = {273},
      YEAR = {2004},
     PAGES = {96--113},
      ISSN = {0025-584X},
   MRCLASS = {46B70 (42B35 46E35)},
  MRNUMBER = {2084959},
MRREVIEWER = {Juha Heinonen},
       DOI = {10.1002/mana.200310198},
       URL = {https://doi.org/10.1002/mana.200310198},
}

@article {MR546295,
    AUTHOR = {R. Mac\'{\i}as and C. Segovia},
     TITLE = {Lipschitz functions on spaces of homogeneous type},
   JOURNAL = {Adv. in Math.},
  FJOURNAL = {Advances in Mathematics},
    VOLUME = {33},
      YEAR = {1979},
    NUMBER = {3},
     PAGES = {257--270},
      ISSN = {0001-8708},
   MRCLASS = {32A35 (42B30)},
  MRNUMBER = {546295},
MRREVIEWER = {Sun Yung A. Chang},
       DOI = {10.1016/0001-8708(79)90012-4},
       URL = {https://doi.org/10.1016/0001-8708(79)90012-4},
}

@article {MR2503306,
    AUTHOR = {D. M\"{u}ller and D. Yang},
     TITLE = {A difference characterization of {B}esov and
              {T}riebel-{L}izorkin spaces on {RD}-spaces},
   JOURNAL = {Forum Math.},
  FJOURNAL = {Forum Mathematicum},
    VOLUME = {21},
      YEAR = {2009},
    NUMBER = {2},
     PAGES = {259--298},
      ISSN = {0933-7741},
   MRCLASS = {42B35 (46E35)},
  MRNUMBER = {2503306},
MRREVIEWER = {Niko M. Marola},
       DOI = {10.1515/FORUM.2009.013},
       URL = {https://doi.org/10.1515/FORUM.2009.013},
}


@article {MR3176917,
    AUTHOR = {A.J. Castro and T.Z. Szarek},
     TITLE = {Calder\'{o}n-{Z}ygmund operators in the {B}essel setting for all
              possible type indices},
   JOURNAL = {Acta Math. Sin. (Engl. Ser.)},
  FJOURNAL = {Acta Mathematica Sinica (English Series)},
    VOLUME = {30},
      YEAR = {2014},
    NUMBER = {4},
     PAGES = {637--648},
      ISSN = {1439-8516},
   MRCLASS = {42B20 (47F05)},
  MRNUMBER = {3176917},
MRREVIEWER = {Dashan Fan},
       DOI = {10.1007/s10114-014-2326-1},
       URL = {https://doi.org/10.1007/s10114-014-2326-1},
}



@incollection {RS1988,
    AUTHOR = {R. Rochberg and S. Semmes},
     TITLE = {End point results for estimates of singular values of singular
              integral operators},
 BOOKTITLE = {Contributions to operator theory and its applications ({M}esa,
              {AZ}, 1987)},
    SERIES = {Oper. Theory Adv. Appl.},
    VOLUME = {35},
     PAGES = {217--231},
 PUBLISHER = {Birkh\"{a}user, Basel},
      YEAR = {1988},
   MRCLASS = {47G05 (42B20 47B10)},
  MRNUMBER = {1017671},
MRREVIEWER = {Vladimir D. Stepanov},
}


@book {Bergh,
    AUTHOR = {J. Bergh and J. L\"{o}fstr\"{o}m},
     TITLE = {Interpolation spaces. {A}n introduction},
    SERIES = {Grundlehren der Mathematischen Wissenschaften, No. 223},
 PUBLISHER = {Springer-Verlag, Berlin-New York},
      YEAR = {1976},
     PAGES = {x+207},
   MRCLASS = {46M35},
  MRNUMBER = {0482275},
}

@article {MR3319540,
    AUTHOR = {T. Bui and X.T. Duong},
     TITLE = {Besov and {T}riebel-{L}izorkin spaces associated to {H}ermite
              operators},
   JOURNAL = {J. Fourier Anal. Appl.},
  FJOURNAL = {The Journal of Fourier Analysis and Applications},
    VOLUME = {21},
      YEAR = {2015},
    NUMBER = {2},
     PAGES = {405--448},
      ISSN = {1069-5869},
   MRCLASS = {42B35 (42B20)},
  MRNUMBER = {3319540},
MRREVIEWER = {Douadi Drihem},
       DOI = {10.1007/s00041-014-9378-6},
       URL = {https://doi.org/10.1007/s00041-014-9378-6},
}

@article {BBD,
    AUTHOR = {H. Bui and T. Bui and X.T. Duong},
     TITLE = {Weighted {B}esov and {T}riebel-{L}izorkin spaces associated
              with operators and applications},
   JOURNAL = {Forum Math. Sigma},
  FJOURNAL = {Forum of Mathematics. Sigma},
    VOLUME = {8},
      YEAR = {2020},
     PAGES = {Paper No. e11, 95},
   MRCLASS = {42B37 (30L05 46E30 47D08)},
  MRNUMBER = {4070730},
MRREVIEWER = {Duv\'{a}n Cardona},
       DOI = {10.1017/fms.2020.6},
       URL = {https://doi.org/10.1017/fms.2020.6},
}

@article {BDY,
    AUTHOR = {H. Bui and X.T. Duong and L. Yan},
     TITLE = {Calder\'{o}n reproducing formulas and new {B}esov spaces
              associated with operators},
   JOURNAL = {Adv. Math.},
  FJOURNAL = {Advances in Mathematics},
    VOLUME = {229},
      YEAR = {2012},
    NUMBER = {4},
     PAGES = {2449--2502},
      ISSN = {0001-8708},
   MRCLASS = {42B35 (46E35)},
  MRNUMBER = {2880229},
MRREVIEWER = {Yuan Zhou},
       DOI = {10.1016/j.aim.2012.01.005},
       URL = {https://doi.org/10.1016/j.aim.2012.01.005},
}

@article {CY,
    AUTHOR = {M. Cao and K. Yabuta},
     TITLE = {V{MO} spaces associated with {N}eumann {L}aplacian},
   JOURNAL = {J. Geom. Anal.},
  FJOURNAL = {Journal of Geometric Analysis},
    VOLUME = {32},
      YEAR = {2022},
    NUMBER = {2},
     PAGES = {Paper No. 59, 47},
      ISSN = {1050-6926},
   MRCLASS = {42B35 (42B20 42B25 42B30)},
  MRNUMBER = {4359486},
       DOI = {10.1007/s12220-021-00775-1},
       URL = {https://doi.org/10.1007/s12220-021-00775-1},
}

@article {CG,
    AUTHOR = {J. Cao and A. Grigor'yan},
     TITLE = {Heat kernels and {B}esov spaces associated with second order
              divergence form elliptic operators},
   JOURNAL = {J. Fourier Anal. Appl.},
  FJOURNAL = {The Journal of Fourier Analysis and Applications},
    VOLUME = {26},
      YEAR = {2020},
    NUMBER = {1},
     PAGES = {Paper No. 3},
      ISSN = {1069-5869},
   MRCLASS = {35K08 (35J15 42B35 46E35)},
  MRNUMBER = {4050029},
       DOI = {10.1007/s00041-019-09708-7},
       URL = {https://doi.org/10.1007/s00041-019-09708-7},
}

@book {CWbook,
    AUTHOR = {R. Coifman and G. Weiss},
     TITLE = {Analyse harmonique non-commutative sur certains espaces
              homog\`enes},
    SERIES = {Lecture Notes in Mathematics, Vol. 242},
      NOTE = {\'{E}tude de certaines int\'{e}grales singuli\`eres},
 PUBLISHER = {Springer-Verlag, Berlin-New York},
      YEAR = {1971},
     PAGES = {v+160},
   MRCLASS = {43A85 (22E30)},
  MRNUMBER = {0499948},
}

@unpublished{CCLLO,
	Author = {P. Chen and M.G. Cowling and M.-Y. Lee and J. Li and A. Ottazzi},
	Note = {Preprint available at \url{https://arxiv.org/abs/2102.07371}},
	Title = {Flag {H}ardy space theory on {H}eisenberg groups and applications},
	Year = {2021}}

@article {FSZ,
    AUTHOR = {R.L. Frank and F. Sukochev and D. Zanin},
     TITLE = {Asymptotics of singular values for quantum derivatives},
   JOURNAL = {Trans. Amer. Math. Soc.},
  FJOURNAL = {Transactions of the American Mathematical Society},
    VOLUME = {376},
      YEAR = {2023},
    NUMBER = {3},
     PAGES = {2047--2088},
      ISSN = {0002-9947},
   MRCLASS = {14C05 (58B34)},
  MRNUMBER = {4549699},
MRREVIEWER = {Edward McDonald},
       DOI = {10.1090/tran/8827},
       URL = {https://doi.org/10.1090/tran/8827},
}



@article {CG,
    AUTHOR = {M. Christ and D. Geller},
     TITLE = {Singular integral characterizations of {H}ardy spaces on
              homogeneous groups},
   JOURNAL = {Duke Math. J.},
  FJOURNAL = {Duke Mathematical Journal},
    VOLUME = {51},
      YEAR = {1984},
    NUMBER = {3},
     PAGES = {547--598},
      ISSN = {0012-7094},
   MRCLASS = {43A15 (42B30 46E99 47B38)},
  MRNUMBER = {757952},
MRREVIEWER = {Gerald B. Folland},
       DOI = {10.1215/S0012-7094-84-05127-5},
       URL = {https://doi.org/10.1215/S0012-7094-84-05127-5},
}

@article {GiGo2,
    AUTHOR = {H. Gimperlein and M. Goffeng},
     TITLE = {Commutator estimates on contact manifolds and applications},
   JOURNAL = {J. Noncommut. Geom.},
  FJOURNAL = {Journal of Noncommutative Geometry},
    VOLUME = {13},
      YEAR = {2019},
    NUMBER = {1},
     PAGES = {363--406},
      ISSN = {1661-6952},
   MRCLASS = {58B34 (32V20 35P20 35R01 53C17 58J40)},
  MRNUMBER = {3941482},
MRREVIEWER = {Alan L. Carey},
       DOI = {10.4171/JNCG/326},
       URL = {https://doi.org/10.4171/JNCG/326},
}


@article {GiGo,
    AUTHOR = {H. Gimperlein and M. Goffeng},
     TITLE = {Nonclassical spectral asymptotics and {D}ixmier traces: from
              circles to contact manifolds},
   JOURNAL = {Forum Math. Sigma},
  FJOURNAL = {Forum of Mathematics. Sigma},
    VOLUME = {5},
      YEAR = {2017},
     PAGES = {Paper No. e3, 57},
   MRCLASS = {58B34 (32V20 35P20 47L20)},
  MRNUMBER = {3599793},
MRREVIEWER = {Alan L. Carey},
       DOI = {10.1017/fms.2016.33},
       URL = {https://doi.org/10.1017/fms.2016.33},
}

@article {Connes1998,
    AUTHOR = {Connes, A.},
     TITLE = {The action functional in noncommutative geometry},
   JOURNAL = {Comm. Math. Phys.},
  FJOURNAL = {Communications in Mathematical Physics},
    VOLUME = {117},
      YEAR = {1988},
    NUMBER = {4},
     PAGES = {673--683},
      ISSN = {0010-3616},
   MRCLASS = {58G12 (46L87 47B10 47D25 58B30 58G15 81T13)},
  MRNUMBER = {953826},
MRREVIEWER = {Jonathan M. Rosenberg},
       URL = {http://projecteuclid.org/euclid.cmp/1104161823},
}

@article {MRS,
    AUTHOR = {D. M\"{u}ller and F. Ricci and E.M. Stein},
     TITLE = {Marcinkiewicz multipliers and multi-parameter structure on
              {H}eisenberg (-type) groups. {I}},
   JOURNAL = {Invent. Math.},
  FJOURNAL = {Inventiones Mathematicae},
    VOLUME = {119},
      YEAR = {1995},
    NUMBER = {2},
     PAGES = {199--233},
      ISSN = {0020-9910},
   MRCLASS = {43A22 (22E30 42B15 42B20)},
  MRNUMBER = {1312498},
MRREVIEWER = {Gerald B. Folland},
       DOI = {10.1007/BF01245180},
       URL = {https://doi.org/10.1007/BF01245180},
}


@book {Connes,
    AUTHOR = {A. Connes},
     TITLE = {Noncommutative geometry},
 PUBLISHER = {Academic Press, Inc., San Diego, CA},
      YEAR = {1994},
     PAGES = {xiv+661},
      ISBN = {0-12-185860-X},
   MRCLASS = {46Lxx (19K56 22D25 58B30 58G12 81T13 81V22 81V70)},
  MRNUMBER = {1303779},
MRREVIEWER = {John Roe},
}

@article {CST,
    AUTHOR = {A. Connes and D. Sullivan and N. Teleman},
     TITLE = {Quasiconformal mappings, operators on {H}ilbert space, and
              local formulae for characteristic classes},
   JOURNAL = {Topology},
  FJOURNAL = {Topology. An International Journal of Mathematics},
    VOLUME = {33},
      YEAR = {1994},
    NUMBER = {4},
     PAGES = {663--681},
      ISSN = {0040-9383},
   MRCLASS = {58G12 (19D55 30C65 57N99 58B30)},
  MRNUMBER = {1293305},
MRREVIEWER = {John Roe},
       DOI = {10.1016/0040-9383(94)90003-5},
       URL = {https://doi.org/10.1016/0040-9383(94)90003-5},
}


@article{AP,
	Author = {Aleksandrov, A. B. and Peller, V. V.},
	Doi = {10.1016/j.jfa.2020.108683},
	Fjournal = {Journal of Functional Analysis},
	Issn = {0022-1236},
	Journal = {J. Funct. Anal.},
	Mrclass = {47B10 (47A10 47A60 47A80)},
	Mrnumber = {4111756},
	Mrreviewer = {Hermann K\"{o}nig},
	Number = {8},
	Pages = {108683, 25},
	Title = {Schur multipliers of {S}chatten--von {N}eumann classes {${\bf S}_p$}},
	Url = {https://doi.org/10.1016/j.jfa.2020.108683},
	Volume = {279},
	Year = {2020},
	Bdsk-Url-1 = {https://doi.org/10.1016/j.jfa.2020.108683}}

@article{AFP,
	Author = {Arazy, J. and Fisher, S. D. and Peetre, J.},
	Doi = {10.2307/2374685},
	Fjournal = {American Journal of Mathematics},
	Issn = {0002-9327},
	Journal = {Amer. J. Math.},
	Mrclass = {47B35 (47B10 47B38)},
	Mrnumber = {970119},
	Mrreviewer = {V.V. Peller},
	Number = {6},
	Pages = {989--1053},
	Title = {Hankel operators on weighted {B}ergman spaces},
	Url = {https://doi.org/10.2307/2374685},
	Volume = {110},
	Year = {1988},
	Bdsk-Url-1 = {https://doi.org/10.2307/2374685}}

@article{BerksonGillespieMuhly1986,
	Author = {E. Berkson and T. A. Gillespie and P. S. Muhly},
	Doi = {10.1112/plms/s3-53.3.489},
	Fjournal = {Proceedings of the London Mathematical Society. Third Series},
	Issn = {0024-6115},
	Journal = {Proc. London Math. Soc. (3)},
	Mrclass = {47Bxx (46J15 46L50)},
	Mrnumber = {868456},
	Mrreviewer = {Richard Rochberg},
	Number = {3},
	Pages = {489--517},
	Title = {Abstract spectral decompositions guaranteed by the {H}ilbert transform},
	Url = {https://doi-org.wwwproxy1.library.unsw.edu.au/10.1112/plms/s3-53.3.489},
	Volume = {53},
	Year = {1986},
	Bdsk-Url-1 = {https://doi-org.wwwproxy1.library.unsw.edu.au/10.1112/plms/s3-53.3.489},
	Bdsk-Url-2 = {https://doi.org/10.1112/plms/s3-53.3.489}}

@article{BCC,
	Author = {Betancor, J. and Castro, A and Curbelo, J.},
	Doi = {10.1017/S0308210511000643},
	Fjournal = {Proceedings of the Royal Society of Edinburgh. Section A. Mathematics},
	Issn = {0308-2105},
	Journal = {Proc. Roy. Soc. Edinburgh Sect. A},
	Mrclass = {42B25 (42B20)},
	Mrnumber = {2981019},
	Mrreviewer = {Brett D. Wick},
	Number = {5},
	Pages = {945--974},
	Title = {Harmonic analysis operators associated with multidimensional {B}essel operators},
	Url = {https://doi.org/10.1017/S0308210511000643},
	Volume = {142},
	Year = {2012},
	Bdsk-Url-1 = {https://doi.org/10.1017/S0308210511000643}}

@article{Taylorformula,
	Author = {Bonfiglioli, A.},
	Doi = {10.1007/s00209-008-0372-z},
	Fjournal = {Mathematische Zeitschrift},
	Issn = {0025-5874},
	Journal = {Math. Z.},
	Mrclass = {43A80 (26E05 41A10 41A80)},
	Mrnumber = {2504877},
	Mrreviewer = {Gerald B. Folland},
	Number = {2},
	Pages = {255--279},
	Title = {Taylor formula for homogeneous groups and applications},
	Url = {https://doi.org/10.1007/s00209-008-0372-z},
	Volume = {262},
	Year = {2009},
	Bdsk-Url-1 = {https://doi.org/10.1007/s00209-008-0372-z}}

@book{Liebook,
	Author = {Bonfiglioli, A. and Lanconelli, E. and Uguzzoni, F.},
	Isbn = {978-3-540-71896-3; 3-540-71896-6},
	Mrclass = {22E30 (31C45 35-02 35H10 43A80)},
	Mrnumber = {2363343},
	Mrreviewer = {Maria Stella Fanciullo},
	Pages = {xxvi+800},
	Publisher = {Springer, Berlin},
	Series = {Springer Monographs in Mathematics},
	Title = {Stratified {L}ie groups and potential theory for their sub-{L}aplacians},
	Year = {2007}}

@article{Cal,
	Author = {Calder\'{o}n, A.-P.},
	Doi = {10.1073/pnas.53.5.1092},
	Fjournal = {Proceedings of the National Academy of Sciences of the United States of America},
	Issn = {0027-8424},
	Journal = {Proc. Nat. Acad. Sci. U.S.A.},
	Mrclass = {47.70},
	Mrnumber = {177312},
	Mrreviewer = {R. T. Seeley},
	Pages = {1092--1099},
	Title = {Commutators of singular integral operators},
	Url = {https://doi.org/10.1073/pnas.53.5.1092},
	Volume = {53},
	Year = {1965},
	Bdsk-Url-1 = {https://doi.org/10.1073/pnas.53.5.1092}}


@article {MR4359486,
    AUTHOR = {M. Cao and K. Yabuta},
     TITLE = {V{MO} spaces associated with {N}eumann {L}aplacian},
   JOURNAL = {J. Geom. Anal.},
  FJOURNAL = {Journal of Geometric Analysis},
    VOLUME = {32},
      YEAR = {2022},
    NUMBER = {2},
     PAGES = {Paper No. 59, 47},
      ISSN = {1050-6926},
   MRCLASS = {42B35 (42B20 42B25 42B30)},
  MRNUMBER = {4359486},
       DOI = {10.1007/s12220-021-00775-1},
       URL = {https://doi.org/10.1007/s12220-021-00775-1},
}

@article{CLMS,
	Author = {Coifman, R. and Lions, P.-L. and Meyer, Y. and Semmes, S.},
	Fjournal = {Journal de Math\'{e}matiques Pures et Appliqu\'{e}es. Neuvi\`eme S\'{e}rie},
	Issn = {0021-7824},
	Journal = {J. Math. Pures Appl. (9)},
	Mrclass = {46E99 (35S05 42B30 46F10 46N20 47G30)},
	Mrnumber = {1225511},
	Number = {3},
	Pages = {247--286},
	Title = {Compensated compactness and {H}ardy spaces},
	Volume = {72},
	Year = {1993}}

@article{CDLW,
	Author = {Chen, P. and Duong, X.T. and Li, J. and Wu, Q.},
	Doi = {10.1016/j.jfa.2019.05.008},
	Fjournal = {Journal of Functional Analysis},
	Issn = {0022-1236},
	Journal = {J. Funct. Anal.},
	Mrclass = {43A15 (22E30 42B20 43A17 43A80)},
	Mrnumber = {3985516},
	Mrreviewer = {E. K. Narayanan},
	Number = {6},
	Pages = {1639--1676},
	Title = {Compactness of {R}iesz transform commutator on stratified {L}ie groups},
	Url = {https://doi.org/10.1016/j.jfa.2019.05.008},
	Volume = {277},
	Year = {2019},
	Bdsk-Url-1 = {https://doi.org/10.1016/j.jfa.2019.05.008}}


@article {Chr,
    AUTHOR = {M. Christ},
     TITLE = {A {$T(b)$} theorem with remarks on analytic capacity and the
              {C}auchy integral},
   JOURNAL = {Colloq. Math.},
  FJOURNAL = {Colloquium Mathematicum},
    VOLUME = {60/61},
      YEAR = {1990},
    NUMBER = {2},
     PAGES = {601--628},
      ISSN = {0010-1354},
   MRCLASS = {42B20 (42B25 42B30)},
  MRNUMBER = {1096400},
MRREVIEWER = {Michael J. Wilson},
       DOI = {10.4064/cm-60-61-2-601-628},
       URL = {https://doi.org/10.4064/cm-60-61-2-601-628},
}

@article{Christ1991,
	Author = {M. Christ},
	Doi = {10.2307/2001877},
	Fjournal = {Transactions of the American Mathematical Society},
	Issn = {0002-9947},
	Journal = {Trans. Amer. Math. Soc.},
	Mrclass = {42B15 (22E30 35P99 43A22)},
	Mrnumber = {1104196},
	Mrreviewer = {Detlef H. M\"{u}ller},
	Number = {1},
	Pages = {73--81},
	Title = {{$L^p$} bounds for spectral multipliers on nilpotent groups},
	Url = {https://doi-org.wwwproxy1.library.unsw.edu.au/10.2307/2001877},
	Volume = {328},
	Year = {1991},
	Bdsk-Url-1 = {https://doi-org.wwwproxy1.library.unsw.edu.au/10.2307/2001877},
	Bdsk-Url-2 = {https://doi.org/10.2307/2001877}}

@article{CRW,
	Author = {R. Coifman, and R. Rochberg, and G. Weiss},
	Doi = {10.2307/1970954},
	Fjournal = {Annals of Mathematics. Second Series},
	Issn = {0003-486X},
	Journal = {Ann. of Math. (2)},
	Mrclass = {42A40},
	Mrnumber = {412721},
	Mrreviewer = {D. Sarason},
	Number = {3},
	Pages = {611--635},
	Title = {Factorization theorems for {H}ardy spaces in several variables},
	Url = {https://doi.org/10.2307/1970954},
	Volume = {103},
	Year = {1976},
	Bdsk-Url-1 = {https://doi.org/10.2307/1970954}
}

@article{Davies1988,
	Author = {Davies, E. B.},
	Doi = {10.1112/jlms/s2-37.121.148},
	Fjournal = {Journal of the London Mathematical Society. Second Series},
	Issn = {0024-6107},
	Journal = {J. London Math. Soc. (2)},
	Mrclass = {47A30 (47B10)},
	Mrnumber = {921753},
	Mrreviewer = {Lawrence R. Williams},
	Number = {1},
	Pages = {148--157},
	Title = {Lipschitz continuity of functions of operators in the {S}chatten classes},
	Url = {https://doi-org.wwwproxy1.library.unsw.edu.au/10.1112/jlms/s2-37.121.148},
	Volume = {37},
	Year = {1988},
	Bdsk-Url-1 = {https://doi-org.wwwproxy1.library.unsw.edu.au/10.1112/jlms/s2-37.121.148},
	Bdsk-Url-2 = {https://doi.org/10.1112/jlms/s2-37.121.148}}

@article {DDSY,
    AUTHOR = {D. Deng and X.T. Duong and A. Sikora and L. Yan},
     TITLE = {Comparison of the classical {BMO} with the {BMO} spaces
              associated with operators and applications},
   JOURNAL = {Rev. Mat. Iberoam.},
  FJOURNAL = {Revista Matem\'{a}tica Iberoamericana},
    VOLUME = {24},
      YEAR = {2008},
    NUMBER = {1},
     PAGES = {267--296},
      ISSN = {0213-2230},
   MRCLASS = {42B35 (42B25 47B38)},
  MRNUMBER = {2435973},
MRREVIEWER = {Oscar Blasco},
       DOI = {10.4171/RMI/536},
       URL = {https://doi.org/10.4171/RMI/536},
}

@article{DGKLWY,
	Author = {X.T. Duong and R. Gong and M. Kuffner and J. Li and B.D. Wick and D. Yang},
	Doi = {10.1007/s12220-019-00308-x},
	Fjournal = {Journal of Geometric Analysis},
	Issn = {1050-6926},
	Journal = {J. Geom. Anal.},
	Mrclass = {42B30 (42B20 42B35)},
	Mrnumber = {4203673},
	Number = {1},
	Pages = {980--1038},
	Title = {Two weight commutators on spaces of homogeneous type and applications},
	Url = {https://doi.org/10.1007/s12220-019-00308-x},
	Volume = {31},
	Year = {2021},
	Bdsk-Url-1 = {https://doi.org/10.1007/s12220-019-00308-x}}

@article{DLLW,
	Author = {Duong, X.T. and Li, H.Q. and Li, J. and Wick, B.D.},
	Doi = {10.1016/j.matpur.2018.06.012},
	Fjournal = {Journal de Math\'{e}matiques Pures et Appliqu\'{e}es. Neuvi\`eme S\'{e}rie},
	Issn = {0021-7824},
	Journal = {J. Math. Pures Appl. (9)},
	Mrclass = {43A17 (42B20 43A80)},
	Mrnumber = {3926046},
	Mrreviewer = {Joseph Feneuil},
	Pages = {273--299},
	Title = {Lower bound of {R}iesz transform kernels and commutator theorems on stratified nilpotent {L}ie groups},
	Url = {https://doi.org/10.1016/j.matpur.2018.06.012},
	Volume = {124},
	Year = {2019},
	Bdsk-Url-1 = {https://doi.org/10.1016/j.matpur.2018.06.012}}

@article {DLWY,
    AUTHOR = {X.T. Duong and J. Li and B.D. Wick and D. Yang},
     TITLE = {Factorization for {H}ardy spaces and characterization for
              {BMO} spaces via commutators in the {B}essel setting},
   JOURNAL = {Indiana Univ. Math. J.},
  FJOURNAL = {Indiana University Mathematics Journal},
    VOLUME = {66},
      YEAR = {2017},
    NUMBER = {4},
     PAGES = {1081--1106},
      ISSN = {0022-2518},
   MRCLASS = {42B30},
  MRNUMBER = {3689327},
MRREVIEWER = {Guixiang Hong},
       DOI = {10.1512/iumj.2017.66.6115},
       URL = {https://doi.org/10.1512/iumj.2017.66.6115},
}



@article {DHLWY,
    AUTHOR = {X.T. Duong and I. Holmes and J. Li and B.D. Wick and D. Yang},
     TITLE = {Two weight commutators in the {D}irichlet and {N}eumann
              {L}aplacian settings},
   JOURNAL = {J. Funct. Anal.},
  FJOURNAL = {Journal of Functional Analysis},
    VOLUME = {276},
      YEAR = {2019},
    NUMBER = {4},
     PAGES = {1007--1060},
      ISSN = {0022-1236},
   MRCLASS = {42B35 (42B25)},
  MRNUMBER = {3906299},
MRREVIEWER = {Martha Guzm\'{a}n-Partida},
       DOI = {10.1016/j.jfa.2018.12.003},
       URL = {https://doi.org/10.1016/j.jfa.2018.12.003},
}


@unpublished{DLLWW,
	Author = {Duong, X.T. and Li, H.Q. and Li, J. and Wick, B.D. and Wu, Q.},
	Note = {Preprint available at \url{https://arxiv.org/abs/1803.01301}},
	Title = {Lower bound of Riesz transform kernels revisited and commutators on stratified Lie groups},
	Year = {2018}}

@article {DDSZ,
    AUTHOR = {Dodds, P. G. and Dodds, T. K. and Sukochev, F. A. and Zanin,
              D.},
     TITLE = {Arithmetic-geometric mean and related submajorisation and norm
              inequalities for {$\tau$}-measurable operators: {P}art {II}},
   JOURNAL = {Integral Equations Operator Theory},
  FJOURNAL = {Integral Equations and Operator Theory},
    VOLUME = {92},
      YEAR = {2020},
    NUMBER = {4},
     PAGES = {Paper No. 32, 60},
      ISSN = {0378-620X},
   MRCLASS = {46L52 (46E30 47A30 47A63)},
  MRNUMBER = {4124453},
       DOI = {10.1007/s00020-020-02586-5},
       URL = {https://doi.org/10.1007/s00020-020-02586-5},
}

@incollection{Echterhoff-2008,
	Author = {S. Echterhoff},
	Booktitle = {{$C^\ast$}-algebras and elliptic theory {II}},
	Doi = {10.1007/978-3-7643-8604-7\_3},
	Mrclass = {46L80 (19K99 19L47)},
	Mrnumber = {2408136},
	Mrreviewer = {Carla Farsi},
	Pages = {67--86},
	Publisher = {Birkh\"{a}user, Basel},
	Series = {Trends Math.},
	Title = {The {$K$}-theory of twisted group algebras},
	Url = {https://doi.org/10.1007/978-3-7643-8604-7_3},
	Year = {2008},
	Bdsk-Url-1 = {https://doi.org/10.1007/978-3-7643-8604-7_3},
	Bdsk-Url-2 = {https://doi.org/10.1007/978-3-7643-8604-7%5C_3}}

@article{FL,
	Author = {Ferguson, S. and Lacey, M.T.},
	Doi = {10.1007/BF02392840},
	Fjournal = {Acta Mathematica},
	Issn = {0001-5962},
	Journal = {Acta Math.},
	Mrclass = {42B25 (46E15 47B47 47G10)},
	Mrnumber = {1961195},
	Mrreviewer = {Sandra Pott},
	Number = {2},
	Pages = {143--160},
	Title = {A characterization of product {BMO} by commutators},
	Url = {https://doi.org/10.1007/BF02392840},
	Volume = {189},
	Year = {2002},
	Bdsk-Url-1 = {https://doi.org/10.1007/BF02392840}}

@incollection{FR,
	Author = {Feldman, M. and Rochberg, R.},
	Booktitle = {Analysis and partial differential equations},
	Doi = {10.1007/978-94-009-1942-6\_9},
	Mrclass = {47B35 (32A35 42B30 47B10)},
	Mrnumber = {1044786},
	Mrreviewer = {Jacob Burbea},
	Pages = {121--159},
	Publisher = {Dekker, New York},
	Series = {Lecture Notes in Pure and Appl. Math.},
	Title = {Singular value estimates for commutators and {H}ankel operators on the unit ball and the {H}eisenberg group},
	Url = {https://doi.org/10.1007/978-94-009-1942-6_9},
	Volume = {122},
	Year = {1990},
	Bdsk-Url-1 = {https://doi.org/10.1007/978-94-009-1942-6_9},
	Bdsk-Url-2 = {https://doi.org/10.1007/978-94-009-1942-6%5C_9}}

@article{FGW,
	Author = {B. Franchi and C. Guti\'{e}rrez and R. Wheeden},
	Doi = {10.1080/03605309408821025},
	Fjournal = {Communications in Partial Differential Equations},
	Issn = {0360-5302},
	Journal = {Comm. Partial Differential Equations},
	Mrclass = {26D10 (35G05 35J70 46E35 46N20)},
	Mrnumber = {1265808},
	Mrreviewer = {B. Muckenhoupt},
	Number = {3-4},
	Pages = {523--604},
	Title = {Weighted {S}obolev-{P}oincar\'{e} inequalities for {G}rushin type operators},
	Url = {https://doi.org/10.1080/03605309408821025},
	Volume = {19},
	Year = {1994},
	Bdsk-Url-1 = {https://doi.org/10.1080/03605309408821025}}

@book{FoSt,
	Author = {Folland, G. B. and Stein, E.M.},
	Isbn = {0-691-08310-X},
	Mrclass = {43A85 (22E45 42B30)},
	Mrnumber = {657581},
	Mrreviewer = {Daryl Geller},
	Pages = {xii+285},
	Publisher = {Princeton University Press, Princeton, N.J.; University of Tokyo Press, Tokyo},
	Series = {Mathematical Notes},
	Title = {Hardy spaces on homogeneous groups},
	Volume = {28},
	Year = {1982}}

@article{G77,
	Author = {Gaveau, B.},
	Doi = {10.1007/BF02392235},
	Fjournal = {Acta Mathematica},
	Issn = {0001-5962},
	Journal = {Acta Math.},
	Mrclass = {58G05 (35H05 58G99 60J60)},
	Mrnumber = {461589},
	Mrreviewer = {Mark Pinsky},
	Number = {1-2},
	Pages = {95--153},
	Title = {Principe de moindre action, propagation de la chaleur et estim\'{e}es sous elliptiques sur certains groupes nilpotents},
	Url = {https://doi.org/10.1007/BF02392235},
	Volume = {139},
	Year = {1977},
	Bdsk-Url-1 = {https://doi.org/10.1007/BF02392235}}


@article {GJL,
    AUTHOR = {R. Gong and J. Li and L. Song},
     TITLE = {Besov and {H}ardy spaces associated with the {S}chr\"{o}dinger
              operator on the {H}eisenberg group},
   JOURNAL = {J. Geom. Anal.},
  FJOURNAL = {Journal of Geometric Analysis},
    VOLUME = {24},
      YEAR = {2014},
    NUMBER = {1},
     PAGES = {144--168},
      ISSN = {1050-6926},
   MRCLASS = {42B35 (43A15 47F05)},
  MRNUMBER = {3145919},
MRREVIEWER = {Maryia Kabanava},
       DOI = {10.1007/s12220-012-9331-3},
       URL = {https://doi.org/10.1007/s12220-012-9331-3},
}


@article{Goffeng,
	Author = {Goffeng, M.},
	Doi = {10.1016/j.aim.2012.05.009},
	Fjournal = {Advances in Mathematics},
	Issn = {0001-8708},
	Journal = {Adv. Math.},
	Mrclass = {58J28 (19K56 32A25 32E10 47H11)},
	Mrnumber = {2935392},
	Mrreviewer = {\'{E}ric Leichtnam},
	Number = {1},
	Pages = {357--377},
	Title = {Analytic formulas for the topological degree of non-smooth mappings: the odd-dimensional case},
	Url = {https://doi.org/10.1016/j.aim.2012.05.009},
	Volume = {231},
	Year = {2012},
	Bdsk-Url-1 = {https://doi.org/10.1016/j.aim.2012.05.009}}


@article {Hu,
    AUTHOR = {G. Hu},
     TITLE = {Besov and {T}riebel-{L}izorkin spaces associated with
              non-negative self-adjoint operators},
   JOURNAL = {J. Math. Anal. Appl.},
  FJOURNAL = {Journal of Mathematical Analysis and Applications},
    VOLUME = {411},
      YEAR = {2014},
    NUMBER = {2},
     PAGES = {753--772},
      ISSN = {0022-247X},
   MRCLASS = {42B35 (47L05)},
  MRNUMBER = {3128430},
       DOI = {10.1016/j.jmaa.2013.10.011},
       URL = {https://doi.org/10.1016/j.jmaa.2013.10.011},
}

@article{HS,
	Author = {Han, Y. S. and Sawyer, E. T.},
	Doi = {10.1090/memo/0530},
	Fjournal = {Memoirs of the American Mathematical Society},
	Issn = {0065-9266},
	Journal = {Mem. Amer. Math. Soc.},
	Mrclass = {42B20 (42-02 46E35)},
	Mrnumber = {1214968},
	Mrreviewer = {Lubo\v{s} Pick},
	Number = {530},
	Pages = {vi+126},
	Title = {Littlewood-{P}aley theory on spaces of homogeneous type and the classical function spaces},
	Url = {https://doi.org/10.1090/memo/0530},
	Volume = {110},
	Year = {1994},
	Bdsk-Url-1 = {https://doi.org/10.1090/memo/0530}}

@article{HLW,
	Author = {I. Holmes, and M.T. Lacey, and B.D. Wick.},
	Doi = {10.1007/s00208-016-1378-1},
	Fjournal = {Mathematische Annalen},
	Issn = {0025-5831},
	Journal = {Math. Ann.},
	Mrclass = {42B20 (42A50 42B25)},
	Mrnumber = {3606434},
	Mrreviewer = {Paul Alton Hagelstein},
	Number = {1-2},
	Pages = {51--80},
	Title = {Commutators in the two-weight setting},
	Url = {https://doi.org/10.1007/s00208-016-1378-1},
	Volume = {367},
	Year = {2017},
	Bdsk-Url-1 = {https://doi.org/10.1007/s00208-016-1378-1}}

@article{MR64284,
	Author = {Huber, A.},
	Doi = {10.2307/1969638},
	Fjournal = {Annals of Mathematics. Second Series},
	Issn = {0003-486X},
	Journal = {Ann. of Math. (2)},
	Mrclass = {35.0X},
	Mrnumber = {64284},
	Mrreviewer = {M. Pinl},
	Pages = {351--358},
	Title = {On the uniqueness of generalized axially symmetric potentials},
	Url = {https://doi.org/10.2307/1969638},
	Volume = {60},
	Year = {1954},
	Bdsk-Url-1 = {https://doi.org/10.2307/1969638}}

@article {Hy,
    AUTHOR = {T.P. Hyt\"{o}nen},
     TITLE = {The {$L^p$}-to-{$L^q$} boundedness of commutators with
              applications to the {J}acobian operator},
   JOURNAL = {J. Math. Pures Appl. (9)},
  FJOURNAL = {Journal de Math\'{e}matiques Pures et Appliqu\'{e}es. Neuvi\`eme S\'{e}rie},
    VOLUME = {156},
      YEAR = {2021},
     PAGES = {351--391},
      ISSN = {0021-7824},
   MRCLASS = {42B20 (35F20 42B25 42B37 47B47)},
  MRNUMBER = {4338459},
       DOI = {10.1016/j.matpur.2021.10.007},
       URL = {https://doi.org/10.1016/j.matpur.2021.10.007},
}

@article {HK,
    AUTHOR = {T.P. Hyt\"{o}nen and A. Kairema},
     TITLE = {Systems of dyadic cubes in a doubling metric space},
   JOURNAL = {Colloq. Math.},
  FJOURNAL = {Colloquium Mathematicum},
    VOLUME = {126},
      YEAR = {2012},
    NUMBER = {1},
     PAGES = {1--33},
      ISSN = {0010-1354},
   MRCLASS = {42B25 (60D05)},
  MRNUMBER = {2901199},
MRREVIEWER = {Raymond H. Cox},
       DOI = {10.4064/cm126-1-1},
       URL = {https://doi.org/10.4064/cm126-1-1},
}

@book{HNVWbook,
	Author = {T. Hyt\"{o}nen, and J. Neerven and M. Veraar and L. Weis},
	Isbn = {978-3-319-48519-5; 978-3-319-48520-1},
	Mrclass = {46-02 (42B35 46E30)},
	Mrnumber = {3617205},
	Mrreviewer = {Adam Os\polhk ekowski},
	Pages = {xvi+614},
	Publisher = {Springer, Cham},
	Series = {Ergebnisse der Mathematik und ihrer Grenzgebiete. 3. Folge. A Series of Modern Surveys in Mathematics [Results in Mathematics and Related Areas. 3rd Series. A Series of Modern Surveys in Mathematics]},
	Title = {Analysis in {B}anach spaces. {V}ol. {I}. {M}artingales and {L}ittlewood-{P}aley theory},
	Volume = {63},
	Year = {2016}}

@article{Is,
	Author = {Isralowitz, J.},
	Doi = {10.1512/iumj.2013.62.4767},
	Fjournal = {Indiana University Mathematics Journal},
	Issn = {0022-2518},
	Journal = {Indiana Univ. Math. J.},
	Mrclass = {32A36 (47B47)},
	Mrnumber = {3158507},
	Mrreviewer = {Jie Miao},
	Number = {1},
	Pages = {201--233},
	Title = {Schatten {$p$} class commutators on the weighted {B}ergman space {$L_a^2(\Bbb B_n,{\rm d}v_\gamma)$} for {$2n/(n+1+\gamma)<p<\infty$}},
	Url = {https://doi.org/10.1512/iumj.2013.62.4767},
	Volume = {62},
	Year = {2013},
	Bdsk-Url-1 = {https://doi.org/10.1512/iumj.2013.62.4767}}

@article{JW,
	Author = {Janson, S. and Wolff, T.H.},
	Doi = {10.1007/BF02390515},
	Fjournal = {Arkiv f\"{o}r Matematik},
	Issn = {0004-2080},
	Journal = {Ark. Mat.},
	Mrclass = {47B10 (42B20)},
	Mrnumber = {686178},
	Mrreviewer = {Richard Bagby},
	Number = {2},
	Pages = {301--310},
	Title = {Schatten classes and commutators of singular integral operators},
	Url = {https://doi.org/10.1007/BF02390515},
	Volume = {20},
	Year = {1982},
	Bdsk-Url-1 = {https://doi.org/10.1007/BF02390515}}

@article{Je,
	Author = {D. Jerison},
	Doi = {10.1215/S0012-7094-86-05329-9},
	Fjournal = {Duke Mathematical Journal},
	Issn = {0012-7094},
	Journal = {Duke Math. J.},
	Mrclass = {35B45 (58G05)},
	Mrnumber = {850547},
	Mrreviewer = {Makhlouf Derridj},
	Number = {2},
	Pages = {503--523},
	Title = {The {P}oincar\'{e} inequality for vector fields satisfying {H}\"{o}rmander's condition},
	Url = {https://doi.org/10.1215/S0012-7094-86-05329-9},
	Volume = {53},
	Year = {1986},
	Bdsk-Url-1 = {https://doi.org/10.1215/S0012-7094-86-05329-9}}

@book{Journe,
	Author = {J. Journ\'{e}},
	Doi = {10.1007/BFb0061458},
	Isbn = {3-540-12313-X},
	Mrclass = {42B20 (47G05)},
	Mrnumber = {706075},
	Pages = {vi+128},
	Publisher = {Springer-Verlag, Berlin},
	Series = {Lecture Notes in Mathematics},
	Title = {Calder\'{o}n-{Z}ygmund operators, pseudodifferential operators and the {C}auchy integral of {C}alder\'{o}n},
	Url = {https://doi.org/10.1007/BFb0061458},
	Volume = {994},
	Year = {1983},
	Bdsk-Url-1 = {https://doi.org/10.1007/BFb0061458}}

@article{J,
	Author = {J. Journ\'{e}},
	Doi = {10.4171/RMI/15},
	Fjournal = {Revista Matem\'{a}tica Iberoamericana},
	Issn = {0213-2230},
	Journal = {Rev. Mat. Iberoamericana},
	Mrclass = {42B20 (47G05)},
	Mrnumber = {836284},
	Mrreviewer = {C. Carton-Lebrun},
	Number = {3},
	Pages = {55--91},
	Title = {Calder\'{o}n-{Z}ygmund operators on product spaces},
	Url = {https://doi.org/10.4171/RMI/15},
	Volume = {1},
	Year = {1985},
	Bdsk-Url-1 = {https://doi.org/10.4171/RMI/15}}

@article{KLPW,
	Author = {A. Kairema, and J. Li, and M. C. Pereyra, and Ward, L.A.},
	Doi = {10.1016/j.jfa.2016.05.002},
	Fjournal = {Journal of Functional Analysis},
	Issn = {0022-1236},
	Journal = {J. Funct. Anal.},
	Mrclass = {42B35 (30L05 42B25 42B30 42C40)},
	Mrnumber = {3535320},
	Mrreviewer = {Jos\'{e} Luis Ansorena},
	Number = {7},
	Pages = {1793--1843},
	Title = {Haar bases on quasi-metric measure spaces, and dyadic structure theorems for function spaces on product spaces of homogeneous type},
	Url = {https://doi.org/10.1016/j.jfa.2016.05.002},
	Volume = {271},
	Year = {2016},
	Bdsk-Url-1 = {https://doi.org/10.1016/j.jfa.2016.05.002}}


@article {LYY,
    AUTHOR = {L. Liu and D. Yang and W. Yuan},
     TITLE = {Besov-type and {T}riebel-{L}izorkin-type spaces associated
              with heat kernels},
   JOURNAL = {Collect. Math.},
  FJOURNAL = {Collectanea Mathematica},
    VOLUME = {67},
      YEAR = {2016},
    NUMBER = {2},
     PAGES = {247--310},
      ISSN = {0010-0757},
   MRCLASS = {46E35 (42B25 42B35)},
  MRNUMBER = {3484021},
MRREVIEWER = {Meng Qu},
       DOI = {10.1007/s13348-015-0142-2},
       URL = {https://doi.org/10.1007/s13348-015-0142-2},
}

@article {LW,
    AUTHOR = {J. Li and B.D. Wick},
     TITLE = {Characterizations of {$H_{\Delta_N}^1(\Bbb R^n)$} and {${\rm
              BMO}_{\Delta_N}(\Bbb R^n)$} via weak factorizations and
              commutators},
   JOURNAL = {J. Funct. Anal.},
  FJOURNAL = {Journal of Functional Analysis},
    VOLUME = {272},
      YEAR = {2017},
    NUMBER = {12},
     PAGES = {5384--5416},
      ISSN = {0022-1236},
   MRCLASS = {42B35 (42B25)},
  MRNUMBER = {3639532},
MRREVIEWER = {Tao Mei},
       DOI = {10.1016/j.jfa.2017.03.007},
       URL = {https://doi.org/10.1016/j.jfa.2017.03.007},
}


@article{LS,
	Author = {Lee, H. and Samei, E.},
	Doi = {10.1016/j.jfa.2011.09.008},
	Fjournal = {Journal of Functional Analysis},
	Issn = {0022-1236},
	Journal = {J. Funct. Anal.},
	Mrclass = {43A20 (22D15 22D35 43A07 43A70 46H20)},
	Mrnumber = {2852259},
	Mrreviewer = {Franz Luef},
	Number = {1},
	Pages = {167--209},
	Title = {Beurling-{F}ourier algebras, operator amenability and {A}rens regularity},
	Url = {https://doi.org/10.1016/j.jfa.2011.09.008},
	Volume = {262},
	Year = {2012},
	Bdsk-Url-1 = {https://doi.org/10.1016/j.jfa.2011.09.008}}

@article{LeSZ,
	Author = {Levitina, G. and Sukochev, F. and Zanin, D.},
	Doi = {10.1112/plms.12301},
	Fjournal = {Proceedings of the London Mathematical Society. Third Series},
	Issn = {0024-6115},
	Journal = {Proc. Lond. Math. Soc. (3)},
	Mrclass = {47B10 (46E30 47L20)},
	Mrnumber = {4008371},
	Mrreviewer = {Fumio Hiai},
	Number = {2},
	Pages = {265--304},
	Title = {Cwikel estimates revisited},
	Url = {https://doi-org.wwwproxy1.library.unsw.edu.au/10.1112/plms.12301},
	Volume = {120},
	Year = {2020},
	Bdsk-Url-1 = {https://doi-org.wwwproxy1.library.unsw.edu.au/10.1112/plms.12301},
	Bdsk-Url-2 = {https://doi.org/10.1112/plms.12301}}

@article{MSX2018,
	Author = {McDonald, E. and Sukochev, F. and Xiong, X.},
	Doi = {10.1007/s00220-019-03384-w},
	Fjournal = {Communications in Mathematical Physics},
	Issn = {0010-3616},
	Journal = {Comm. Math. Phys.},
	Mrclass = {58B34 (81R60)},
	Mrnumber = {4029831},
	Mrreviewer = {Akira Yoshioka},
	Number = {3},
	Pages = {1231--1260},
	Title = {Quantum differentiability on quantum tori},
	Url = {https://doi-org.wwwproxy1.library.unsw.edu.au/10.1007/s00220-019-03384-w},
	Volume = {371},
	Year = {2019},
	Bdsk-Url-1 = {https://doi-org.wwwproxy1.library.unsw.edu.au/10.1007/s00220-019-03384-w},
	Bdsk-Url-2 = {https://doi.org/10.1007/s00220-019-03384-w}}

@article{MSX2019,
	Author = {McDonald, E. and Sukochev, F. and Xiong, X.},
	Doi = {10.1007/s00220-019-03605-2},
	Fjournal = {Communications in Mathematical Physics},
	Issn = {0010-3616},
	Journal = {Comm. Math. Phys.},
	Mrclass = {58B34 (46L87)},
	Mrnumber = {4156216},
	Number = {2},
	Pages = {491--542},
	Title = {Quantum differentiability on noncommutative {E}uclidean spaces},
	Url = {https://doi-org.wwwproxy1.library.unsw.edu.au/10.1007/s00220-019-03605-2},
	Volume = {379},
	Year = {2020},
	Bdsk-Url-1 = {https://doi-org.wwwproxy1.library.unsw.edu.au/10.1007/s00220-019-03605-2},
	Bdsk-Url-2 = {https://doi.org/10.1007/s00220-019-03605-2}}

@article {MR4706933,
    AUTHOR = {M. Lacey and J. Li and B.D. Wick},
     TITLE = {Schatten classes and commutator in the two weight setting,
              {I}. {H}ilbert transform},
   JOURNAL = {Potential Anal.},
  FJOURNAL = {Potential Analysis. An International Journal Devoted to the
              Interactions between Potential Theory, Probability Theory,
              Geometry and Functional Analysis},
    VOLUME = {60},
      YEAR = {2024},
    NUMBER = {2},
     PAGES = {875--894},
      ISSN = {0926-2601},
   MRCLASS = {47B10 (42B20 43A85)},
  MRNUMBER = {4706933},
       DOI = {10.1007/s11118-023-10072-x},
       URL = {https://doi.org/10.1007/s11118-023-10072-x},
}

@unpublished{FLLXarxiv,
	Author = {Z. Fan and M.T. Lacey and J. Li and X. Xiong},
	Note = {Preprint available at \url{https://arxiv.org/abs/2403.08249}},
	Title = {Schatten--{L}orentz characterization of {R}iesz transform commutator associated with {B}essel operators},
	Year = {2024}}

@article {MR1814106,
    AUTHOR = {A. Sikora and J. Wright},
     TITLE = {Imaginary powers of {L}aplace operators},
   JOURNAL = {Proc. Amer. Math. Soc.},
  FJOURNAL = {Proceedings of the American Mathematical Society},
    VOLUME = {129},
      YEAR = {2001},
    NUMBER = {6},
     PAGES = {1745--1754},
      ISSN = {0002-9939},
   MRCLASS = {35J15 (47F05)},
  MRNUMBER = {1814106},
MRREVIEWER = {V. S. Rabinovich},
       DOI = {10.1090/S0002-9939-00-05754-3},
       URL = {https://doi.org/10.1090/S0002-9939-00-05754-3},
}

@article {MR3378821,
    AUTHOR = {M. Caspers and M. de la Salle},
     TITLE = {Schur and {F}ourier multipliers of an amenable group acting on
              non-commutative {$L^p$}-spaces},
   JOURNAL = {Trans. Amer. Math. Soc.},
  FJOURNAL = {Transactions of the American Mathematical Society},
    VOLUME = {367},
      YEAR = {2015},
    NUMBER = {10},
     PAGES = {6997--7013},
      ISSN = {0002-9947},
   MRCLASS = {43A15 (46B08 46B70 46L51)},
  MRNUMBER = {3378821},
MRREVIEWER = {Bernard Russo},
       DOI = {10.1090/S0002-9947-2015-06281-3},
       URL = {https://doi.org/10.1090/S0002-9947-2015-06281-3},
}

@article {MR2866074,
    AUTHOR = {S. Neuwirth and E. Ricard},
     TITLE = {Transfer of {F}ourier multipliers into {S}chur multipliers and
              sumsets in a discrete group},
   JOURNAL = {Canad. J. Math.},
  FJOURNAL = {Canadian Journal of Mathematics. Journal Canadien de
              Math\'{e}matiques},
    VOLUME = {63},
      YEAR = {2011},
    NUMBER = {5},
     PAGES = {1161--1187},
      ISSN = {0008-414X},
   MRCLASS = {43A22 (46B28 47B49)},
  MRNUMBER = {2866074},
MRREVIEWER = {Robert S. Doran},
       DOI = {10.4153/CJM-2011-053-9},
       URL = {https://doi.org/10.4153/CJM-2011-053-9},
}

@article{LMSZ,
	Author = {Lord, S. and McDonald, E. and Sukochev, F. and Zanin, D.},
	Doi = {10.1016/j.jfa.2017.06.020},
	Fjournal = {Journal of Functional Analysis},
	Issn = {0022-1236},
	Journal = {J. Funct. Anal.},
	Mrclass = {46G05 (47L10)},
	Mrnumber = {3677828},
	Mrreviewer = {Aris Daniilidis},
	Number = {7},
	Pages = {2353--2387},
	Title = {Quantum differentiability of essentially bounded functions on {E}uclidean space},
	Url = {https://doi-org.wwwproxy1.library.unsw.edu.au/10.1016/j.jfa.2017.06.020},
	Volume = {273},
	Year = {2017},
	Bdsk-Url-1 = {https://doi-org.wwwproxy1.library.unsw.edu.au/10.1016/j.jfa.2017.06.020},
	Bdsk-Url-2 = {https://doi.org/10.1016/j.jfa.2017.06.020}}

@book{LSZold,
	Author = {S. Lord and F. Sukochev and D. Zanin},
	Isbn = {978-3-11-026250-6; 978-3-11-026255-1},
	Mrclass = {47-02 (46-02 46L07 47B06 47L20 58-02 58B34)},
	Mrnumber = {3099777},
	Mrreviewer = {Fran\c{c}oise Lust-Piquard},
	Pages = {xvi+452},
	Publisher = {De Gruyter, Berlin},
	Series = {De Gruyter Studies in Mathematics},
	Title = {Singular traces. Theory and applications},
	Volume = {46},
	Year = {2013}}

@book{LSZ1,
	Author = {S. Lord and F. Sukochev and D. Zanin},
	Isbn = {978-3-11-037779-8; 978-3-11-037805-4; 978-3-11-039231-9},
	Mrclass = {47-02 (46L07 46L51 47B06 47B10 47L20 58J42)},
	Pages = {xvi+452},
	Publisher = {De Gruyter, Berlin},
	Series = {De Gruyter Studies in Mathematics},
	Title = {Singular traces. Vol. 1. Theory. 2nd edition.},
	Volume = {46/1},
	Year = {2021}}

@article {MS,
    AUTHOR = {Muckenhoupt, B. and Stein, E. M.},
     TITLE = {Classical expansions and their relation to conjugate harmonic
              functions},
   JOURNAL = {Trans. Amer. Math. Soc.},
  FJOURNAL = {Transactions of the American Mathematical Society},
    VOLUME = {118},
      YEAR = {1965},
     PAGES = {17--92},
      ISSN = {0002-9947},
   MRCLASS = {42.15},
  MRNUMBER = {199636},
MRREVIEWER = {I. I. Hirschman, Jr.},
       DOI = {10.2307/1993944},
       URL = {https://doi.org/10.2307/1993944},
}

@article{Ne,
	Author = {Nehari, Z.},
	Doi = {10.2307/1969670},
	Fjournal = {Annals of Mathematics. Second Series},
	Issn = {0003-486X},
	Journal = {Ann. of Math. (2)},
	Mrclass = {15.0X},
	Mrnumber = {82945},
	Mrreviewer = {W. K. Hayman},
	Pages = {153--162},
	Title = {On bounded bilinear forms},
	Url = {https://doi.org/10.2307/1969670},
	Volume = {65},
	Year = {1957},
	Bdsk-Url-1 = {https://doi.org/10.2307/1969670}}

@article{Pau,
	Author = {Pau, J.},
	Doi = {10.1215/00127094-3627310},
	Fjournal = {Duke Mathematical Journal},
	Issn = {0012-7094},
	Journal = {Duke Math. J.},
	Mrclass = {47B10 (30H20 32A36 47B35)},
	Mrnumber = {3551773},
	Mrreviewer = {Gustavo da Silva Ara\'{u}jo},
	Number = {14},
	Pages = {2771--2791},
	Title = {Characterization of {S}chatten-class {H}ankel operators on weighted {B}ergman spaces},
	Url = {https://doi.org/10.1215/00127094-3627310},
	Volume = {165},
	Year = {2016},
	Bdsk-Url-1 = {https://doi.org/10.1215/00127094-3627310}}


@article{SSUZ1,
	Author = {E. Semenov and F. Sukochev and A. Usachev and D. Zanin},
	Doi = {10.1016/j.aim.2015.08.010},
	Fjournal = {Advances in Mathematics},
	Issn = {0001-8708},
	Journal = {Adv. Math.},
	Mrclass = {47B10 (47G30 58B34 58J42)},
	Mrnumber = {3406510},
	Mrreviewer = {Jamilson R. Campos},
	Pages = {568--628},
	Title = {Banach limits and traces on {$\mathcal{L}_{1,\infty}$}},
	Url = {https://doi.org/10.1016/j.aim.2015.08.010},
	Volume = {285},
	Year = {2015},
	Bdsk-Url-1 = {https://doi.org/10.1016/j.aim.2015.08.010}}

@book{Stein-harmonic-1993,
	Author = {E.M. Stein},
	Isbn = {0-691-03216-5},
	Mrclass = {42-02 (35Sxx 43-02 47G30)},
	Mrnumber = {1232192},
	Mrreviewer = {Michael Cowling},
	Note = {With the assistance of Timothy S. Murphy, Monographs in Harmonic Analysis, III},
	Pages = {xiv+695},
	Publisher = {Princeton University Press, Princeton, NJ},
	Series = {Princeton Mathematical Series},
	Title = {Harmonic analysis: real-variable methods, orthogonality, and oscillatory integrals},
	Volume = {43},
	Year = {1993}}

@article{Stinespring-TAMS-1959,
	Author = {Stinespring, W. Forrest},
	Doi = {10.2307/1993266},
	Fjournal = {Transactions of the American Mathematical Society},
	Issn = {0002-9947},
	Journal = {Trans. Amer. Math. Soc.},
	Mrclass = {46.00},
	Mrnumber = {102761},
	Mrreviewer = {H. Umegaki},
	Pages = {15--56},
	Title = {Integration theorems for gages and duality for unimodular groups},
	Url = {https://doi-org.wwwproxy1.library.unsw.edu.au/10.2307/1993266},
	Volume = {90},
	Year = {1959},
	Bdsk-Url-1 = {https://doi-org.wwwproxy1.library.unsw.edu.au/10.2307/1993266},
	Bdsk-Url-2 = {https://doi.org/10.2307/1993266}}

@article {SawW,
    AUTHOR = {Sawyer, E. and Wheeden, R. L.},
     TITLE = {Weighted inequalities for fractional integrals on {E}uclidean
              and homogeneous spaces},
   JOURNAL = {Amer. J. Math.},
  FJOURNAL = {American Journal of Mathematics},
    VOLUME = {114},
      YEAR = {1992},
    NUMBER = {4},
     PAGES = {813--874},
      ISSN = {0002-9327},
   MRCLASS = {42B25 (46E99 47B38)},
  MRNUMBER = {1175693},
       DOI = {10.2307/2374799},
       URL = {https://doi.org/10.2307/2374799},
}

@article {MR4654013,
    AUTHOR = {Z. Fan and J. Li and E. McDonald and F. Sukochev and D. Zanin},
     TITLE = {Endpoint weak {S}chatten class estimates and trace formula for
              commutators of {R}iesz transforms with multipliers on
              {H}eisenberg groups},
   JOURNAL = {J. Funct. Anal.},
  FJOURNAL = {Journal of Functional Analysis},
    VOLUME = {286},
      YEAR = {2024},
    NUMBER = {1},
     PAGES = {Paper No. 110188, 72},
      ISSN = {0022-1236},
   MRCLASS = {47B10 (42B20 43A85)},
  MRNUMBER = {4654013},
       DOI = {10.1016/j.jfa.2023.110188},
       URL = {https://doi.org/10.1016/j.jfa.2023.110188},
}

@article {MR2097606,
    AUTHOR = {S. Pott and M.P. Smith},
     TITLE = {Paraproducts and {H}ankel operators of {S}chatten class via
              {$p$}-{J}ohn-{N}irenberg theorem},
   JOURNAL = {J. Funct. Anal.},
  FJOURNAL = {Journal of Functional Analysis},
    VOLUME = {217},
      YEAR = {2004},
    NUMBER = {1},
     PAGES = {38--78},
      ISSN = {0022-1236},
   MRCLASS = {47B35 (47B10)},
  MRNUMBER = {2097606},
MRREVIEWER = {Richard Rochberg},
       DOI = {10.1016/j.jfa.2004.03.005},
       URL = {https://doi.org/10.1016/j.jfa.2004.03.005},
}



@article {MR4552581,
    AUTHOR = {Z. Fan and M. Lacey and J. Li},
     TITLE = {Schatten classes and commutators of {R}iesz transform on
              {H}eisenberg group and applications},
   JOURNAL = {J. Fourier Anal. Appl.},
  FJOURNAL = {The Journal of Fourier Analysis and Applications},
    VOLUME = {29},
      YEAR = {2023},
    NUMBER = {2},
     PAGES = {Paper No. 17, 28},
      ISSN = {1069-5869},
   MRCLASS = {47B10 (42B20 43A85)},
  MRNUMBER = {4552581},
MRREVIEWER = {Xingya Fan},
       DOI = {10.1007/s00041-023-09995-1},
       URL = {https://doi.org/10.1007/s00041-023-09995-1},
}

@unpublished{FLMSZ,
	Author = {Z. Fan and J. Li and E. Mcdonald and F. Sukochev and D. Zanin},
	Note = {Preprint available at \url{https://arxiv.org/abs/2201.12350}},
	Title = {Endpoint weak {S}chatten class estimates and trace formula for commutators of {R}iesz transforms with multipliers on {H}eisenberg groups},
	Year = {2022}}

@book{Takesaki_1,
	Author = {Takesaki, M.},
	Isbn = {3-540-42248-X},
	Mrclass = {46Lxx (46-01)},
	Mrnumber = {1873025},
	Note = {Reprint of the first (1979) edition, Operator Algebras and Non-commutative Geometry, 5},
	Pages = {xx+415},
	Publisher = {Springer-Verlag, Berlin},
	Series = {Encyclopaedia of Mathematical Sciences},
	Title = {Theory of operator algebras. {I}},
	Volume = {124},
	Year = {2002}}

@book{Takesaki_2,
	Author = {Takesaki, M.},
	Doi = {10.1007/978-3-662-10451-4},
	Isbn = {3-540-42914-X},
	Mrclass = {46L10 (47L35 47L55)},
	Mrnumber = {1943006},
	Mrreviewer = {Robert S. Doran},
	Note = {Operator Algebras and Non-commutative Geometry, 6},
	Pages = {xxii+518},
	Publisher = {Springer-Verlag, Berlin},
	Series = {Encyclopaedia of Mathematical Sciences},
	Title = {Theory of operator algebras. {II}},
	Url = {https://doi.org/10.1007/978-3-662-10451-4},
	Volume = {125},
	Year = {2003},
	Bdsk-Url-1 = {https://doi.org/10.1007/978-3-662-10451-4}}

@book{Takesaki_3,
	Author = {Takesaki, M.},
	Doi = {10.1007/978-3-662-10453-8},
	Isbn = {3-540-42913-1},
	Mrclass = {46L10 (37A55 46L35 46L37 46L55)},
	Mrnumber = {1943007},
	Mrreviewer = {Robert S. Doran},
	Note = {Operator Algebras and Non-commutative Geometry, 8},
	Pages = {xxii+548},
	Publisher = {Springer-Verlag, Berlin},
	Series = {Encyclopaedia of Mathematical Sciences},
	Title = {Theory of operator algebras. {III}},
	Url = {https://doi.org/10.1007/978-3-662-10453-8},
	Volume = {127},
	Year = {2003},
	Bdsk-Url-1 = {https://doi.org/10.1007/978-3-662-10453-8}}

@book{Pedersen2018,
	Author = {Pedersen, G.K.},
	Isbn = {978-0-12-814122-9},
	Mrclass = {46Lxx (46-02)},
	Mrnumber = {3839621},
	Note = {Second edition of [ MR0548006], Edited and with a preface by S\o ren Eilers and Dorte Olesen},
	Pages = {xviii+520},
	Publisher = {Academic Press, London},
	Series = {Pure and Applied Mathematics (Amsterdam)},
	Title = {{$C^*$}-algebras and their automorphism groups},
	Year = {2018}}

@book{P2,
	Author = {Peller, V.V.},
	Doi = {10.1007/978-0-387-21681-2},
	Isbn = {0-387-95548-8},
	Mrclass = {47B35 (30D55 30E05 46E15 47A45 47A57 47N70 93B28)},
	Mrnumber = {1949210},
	Mrreviewer = {Harry Dym},
	Pages = {xvi+784},
	Publisher = {Springer-Verlag, New York},
	Series = {Springer Monographs in Mathematics},
	Title = {Hankel operators and their applications},
	Url = {https://doi.org/10.1007/978-0-387-21681-2},
	Year = {2003},
	Bdsk-Url-1 = {https://doi.org/10.1007/978-0-387-21681-2}}

@incollection{Echterhoff-2008,
	Author = {Echterhoff, S.},
	Booktitle = {{$C^\ast$}-algebras and elliptic theory {II}},
	Mrclass = {46L80 (19K99 19L47)},
	Mrnumber = {2408136},
	Mrreviewer = {Carla Farsi},
	Pages = {67--86},
	Publisher = {Birkh\"auser, Basel},
	Series = {Trends Math.},
	Title = {The {$K$}-theory of twisted group algebras},
	Url = {https://doi.org/10.1007/978-3-7643-8604-7_3},
	Year = {2008},
	Bdsk-Url-1 = {https://doi.org/10.1007/978-3-7643-8604-7_3}}

@book{Grafakos-1,
	Author = {Grafakos, L.},
	Doi = {10.1007/978-1-4939-1194-3},
	Edition = {Third},
	Isbn = {978-1-4939-1193-6; 978-1-4939-1194-3},
	Mrclass = {42-01 (42Bxx)},
	Mrnumber = {3243734},
	Mrreviewer = {Atanas G. Stefanov},
	Pages = {xviii+638},
	Publisher = {Springer, New York},
	Series = {Graduate Texts in Mathematics},
	Title = {Classical {F}ourier analysis},
	Url = {https://doi.org/10.1007/978-1-4939-1194-3},
	Volume = {249},
	Year = {2014},
	Bdsk-Url-1 = {https://doi.org/10.1007/978-1-4939-1194-3}}

@book{Grafakos-2,
	Author = {Grafakos, L.},
	Doi = {10.1007/978-1-4939-1230-8},
	Edition = {Third},
	Isbn = {978-1-4939-1229-2; 978-1-4939-1230-8},
	Mrclass = {42-01 (42Bxx)},
	Mrnumber = {3243741},
	Mrreviewer = {Atanas G. Stefanov},
	Pages = {xvi+624},
	Publisher = {Springer, New York},
	Series = {Graduate Texts in Mathematics},
	Title = {Modern {F}ourier analysis},
	Url = {https://doi.org/10.1007/978-1-4939-1230-8},
	Volume = {250},
	Year = {2014},
	Bdsk-Url-1 = {https://doi.org/10.1007/978-1-4939-1230-8}}

@article {Russo,
    AUTHOR = {R. Russo},
     TITLE = {On the {H}ausdorff-{Y}oung theorem for integral operators},
   JOURNAL = {Pacific J. Math.},
  FJOURNAL = {Pacific Journal of Mathematics},
    VOLUME = {68},
      YEAR = {1977},
    NUMBER = {1},
     PAGES = {241--253},
      ISSN = {0030-8730},
   MRCLASS = {47G05 (43A30)},
  MRNUMBER = {500308},
MRREVIEWER = {Toader Jucan},
       URL = {http://projecteuclid.org/euclid.pjm/1102817381},
}

@article{Sa,
	Author = {Sarason, D.},
	Doi = {10.2307/1997184},
	Fjournal = {Transactions of the American Mathematical Society},
	Issn = {0002-9947},
	Journal = {Trans. Amer. Math. Soc.},
	Mrclass = {46J10 (30A78 42A40 60G10)},
	Mrnumber = {377518},
	Mrreviewer = {H. Widom},
	Pages = {391--405},
	Title = {Functions of vanishing mean oscillation},
	Url = {https://doi.org/10.2307/1997184},
	Volume = {207},
	Year = {1975},
	Bdsk-Url-1 = {https://doi.org/10.2307/1997184}}



@book{S,
	Author = {W. A. Strauss}, 
	Pages = {xiv+454},
	Title = {Partial differential equation: An introduction},
                Journal={John Wiley \& Sons, Inc., New York},
	Year = {2008},
	Pages = {xiv+454},
}

@book{Stein-harmonic-1993,
	Author = {Stein, E.M.},
	Isbn = {0-691-03216-5},
	Mrclass = {42-02 (35Sxx 43-02 47G30)},
	Mrnumber = {1232192},
	Mrreviewer = {Michael Cowling},
	Note = {With the assistance of Timothy S. Murphy, Monographs in Harmonic Analysis, III},
	Pages = {xiv+695},
	Publisher = {Princeton University Press, Princeton, NJ},
	Series = {Princeton Mathematical Series},
	Title = {Harmonic analysis: real-variable methods, orthogonality, and oscillatory integrals},
	Volume = {43},
	Year = {1993}}

@article{Stinespring-TAMS-1959,
	Author = {Stinespring, W. F.},
	Doi = {10.2307/1993266},
	Fjournal = {Transactions of the American Mathematical Society},
	Issn = {0002-9947},
	Journal = {Trans. Amer. Math. Soc.},
	Mrclass = {46.00},
	Mrnumber = {102761},
	Mrreviewer = {H. Umegaki},
	Pages = {15--56},
	Title = {Integration theorems for gages and duality for unimodular groups},
	Url = {https://doi-org.wwwproxy1.library.unsw.edu.au/10.2307/1993266},
	Volume = {90},
	Year = {1959},
	Bdsk-Url-1 = {https://doi-org.wwwproxy1.library.unsw.edu.au/10.2307/1993266},
	Bdsk-Url-2 = {https://doi.org/10.2307/1993266}}

@article{P,
	Author = {V.V. Peller},
	Journal = {Mat. Sbornik},
	Pages = {538--581},
	Title = {Nuclearity of Hankel operators},
	Volume = {113},
	Year = {1980}}

@article{PV,
	Author = {Petermichl, S. and Volberg, A.},
	Doi = {10.1215/S0012-9074-02-11223-X},
	Fjournal = {Duke Mathematical Journal},
	Issn = {0012-7094},
	Journal = {Duke Math. J.},
	Mrclass = {42B20 (30C62 35K05 42C15 47B35 47B38)},
	Mrnumber = {1894362},
	Mrreviewer = {Alberto Fiorenza},
	Number = {2},
	Pages = {281--305},
	Title = {Heating of the {A}hlfors-{B}eurling operator: weakly quasiregular maps on the plane are quasiregular},
	Url = {https://doi.org/10.1215/S0012-9074-02-11223-X},
	Volume = {112},
	Year = {2002},
	Bdsk-Url-1 = {https://doi.org/10.1215/S0012-9074-02-11223-X}}

@incollection{PX2003,
	Author = {Pisier, G. and Xu, Q.},
	Booktitle = {Handbook of the geometry of {B}anach spaces, {V}ol. 2},
	Doi = {10.1016/S1874-5849(03)80041-4},
	Mrclass = {46L52 (46L51)},
	Mrnumber = {1999201},
	Mrreviewer = {Narcisse Randrianantoanina},
	Pages = {1459--1517},
	Publisher = {North-Holland, Amsterdam},
	Title = {Non-commutative {$L^p$}-spaces},
	Url = {https://doi.org/10.1016/S1874-5849(03)80041-4},
	Year = {2003},
	Bdsk-Url-1 = {https://doi.org/10.1016/S1874-5849(03)80041-4}}

@article{PS-crelle,
	Author = {Potapov, D. and Sukochev, F.},
	Fjournal = {Journal f\"ur die Reine und Angewandte Mathematik. [Crelle's Journal]},
	Issn = {0075-4102},
	Journal = {J. Reine Angew. Math.},
	Mrclass = {58J42 (46L80 47A53 58J30)},
	Mrnumber = {2492993},
	Mrreviewer = {Evgeniy V. Troitski\u\i},
	Pages = {159--185},
	Title = {Unbounded {F}redholm modules and double operator integrals},
	Url = {https://doi.org/10.1515/CRELLE.2009.006},
	Volume = {626},
	Year = {2009},
	Bdsk-Url-1 = {https://doi.org/10.1515/CRELLE.2009.006}}

@article{PoSu,
	Author = {Potapov, D. and Sukochev, F.},
	Doi = {10.1007/s11511-012-0072-8},
	Fjournal = {Acta Mathematica},
	Issn = {0001-5962},
	Journal = {Acta Math.},
	Mrclass = {47A55 (26A16 47B10)},
	Mrnumber = {2892613},
	Mrreviewer = {Enrique Alfonso S\'{a}nchez-P\'{e}rez},
	Number = {2},
	Pages = {375--389},
	Title = {Operator-{L}ipschitz functions in {S}chatten-von {N}eumann classes},
	Url = {https://doi.org/10.1007/s11511-012-0072-8},
	Volume = {207},
	Year = {2011},
	Bdsk-Url-1 = {https://doi.org/10.1007/s11511-012-0072-8}}

@article{RS0,
	Author = {Rochberg, R. and Semmes, S.},
	Doi = {10.1016/0022-1236(86)90038-8},
	Fjournal = {Journal of Functional Analysis},
	Issn = {0022-1236},
	Journal = {J. Funct. Anal.},
	Mrclass = {42B20 (42B30 47B35)},
	Mrnumber = {845199},
	Mrreviewer = {M. Cotlar},
	Number = {2},
	Pages = {228--263},
	Title = {A decomposition theorem for {BMO} and applications},
	Url = {https://doi.org/10.1016/0022-1236(86)90038-8},
	Volume = {67},
	Year = {1986},
	Bdsk-Url-1 = {https://doi.org/10.1016/0022-1236(86)90038-8}}

@article{RS,
	Author = {Rochberg, R. and Semmes, S.},
	Doi = {10.1016/0022-1236(89)90054-2},
	Fjournal = {Journal of Functional Analysis},
	Issn = {0022-1236},
	Journal = {J. Funct. Anal.},
	Mrclass = {47B10 (42A20 47G05)},
	Mrnumber = {1021138},
	Mrreviewer = {V. V. Peller},
	Number = {2},
	Pages = {237--306},
	Title = {Nearly weakly orthonormal sequences, singular value estimates, and {C}alderon-{Z}ygmund operators},
	Url = {https://doi.org/10.1016/0022-1236(89)90054-2},
	Volume = {86},
	Year = {1989},
	Bdsk-Url-1 = {https://doi.org/10.1016/0022-1236(89)90054-2}}

@book{Thangavelu,
	Author = {Thangavelu, S.},
	Doi = {10.1007/978-1-4612-1772-5},
	Isbn = {0-8176-4050-9},
	Mrclass = {43-02 (43A20 43A22 43A30 43A80)},
	Mrnumber = {1633042},
	Mrreviewer = {Gerald B. Folland},
	Pages = {xiv+192},
	Publisher = {Birkh\"{a}user Boston, Inc., Boston, MA},
	Series = {Progress in Mathematics},
	Title = {Harmonic analysis on the {H}eisenberg group},
	Url = {https://doi.org/10.1007/978-1-4612-1772-5},
	Volume = {159},
	Year = {1998},
	Bdsk-Url-1 = {https://doi.org/10.1007/978-1-4612-1772-5}}

@article{Ty,
	Author = {Tyson, J.},
	Doi = {10.1090/S1088-4173-08-00177-X},
	Fjournal = {Conformal Geometry and Dynamics. An Electronic Journal of the American Mathematical Society},
	Journal = {Conform. Geom. Dyn.},
	Mrclass = {30C65 (28A80 43A80)},
	Mrnumber = {2385407},
	Mrreviewer = {Volker Mayer},
	Pages = {32--57},
	Title = {Global conformal {A}ssouad dimension in the {H}eisenberg group},
	Url = {https://doi.org/10.1090/S1088-4173-08-00177-X},
	Volume = {12},
	Year = {2008},
	Bdsk-Url-1 = {https://doi.org/10.1090/S1088-4173-08-00177-X}}

@article{U,
	Author = {Uchiyama, A.},
	Doi = {10.2748/tmj/1178230105},
	Fjournal = {The Tohoku Mathematical Journal. Second Series},
	Issn = {0040-8735},
	Journal = {Tohoku Math. J. (2)},
	Mrclass = {47B37 (44A25)},
	Mrnumber = {467384},
	Mrreviewer = {Richard Rochberg},
	Number = {1},
	Pages = {163--171},
	Title = {On the compactness of operators of {H}ankel type},
	Url = {https://doi.org/10.2748/tmj/1178230105},
	Volume = {30},
	Year = {1978},
	Bdsk-Url-1 = {https://doi.org/10.2748/tmj/1178230105}}

@book{VSC,
	Author = {Varopoulos, N. T. and Saloff-Coste, L. and Coulhon, T.},
	Isbn = {0-521-35382-3},
	Mrclass = {43A80 (47D03 47F05 58G11 60B15)},
	Mrnumber = {1218884},
	Mrreviewer = {A. Hulanicki},
	Pages = {xii+156},
	Publisher = {Cambridge University Press, Cambridge},
	Series = {Cambridge Tracts in Mathematics},
	Title = {Analysis and geometry on groups},
	Volume = {100},
	Year = {1992}}

@article{Zhu,
	Author = {Zhu, K.},
	Doi = {10.2307/2374825},
	Fjournal = {American Journal of Mathematics},
	Issn = {0002-9327},
	Journal = {Amer. J. Math.},
	Mrclass = {47B35 (32A37 44A15 47B10)},
	Mrnumber = {1087805},
	Mrreviewer = {Sheldon Axler},
	Number = {1},
	Pages = {147--167},
	Title = {Schatten class {H}ankel operators on the {B}ergman space of the unit ball},
	Url = {https://doi.org/10.2307/2374825},
	Volume = {113},
	Year = {1991},
	Bdsk-Url-1 = {https://doi.org/10.2307/2374825}}

@article{CPSZ1,
	Author = {Caspers, M. and Potapov, D. and Sukochev, F. and Zanin, D.},
	Doi = {10.7900/jot.2013dec20.2021},
	Fjournal = {Journal of Operator Theory},
	Issn = {0379-4024},
	Journal = {J. Operator Theory},
	Mrclass = {47B10 (47L20)},
	Mrnumber = {3346126},
	Mrreviewer = {Cristian Conde},
	Number = {2},
	Pages = {361--384},
	Title = {Weak type estimates for the absolute value mapping},
	Url = {https://doi.org/10.7900/jot.2013dec20.2021},
	Volume = {73},
	Year = {2015},
	Bdsk-Url-1 = {https://doi.org/10.7900/jot.2013dec20.2021}}

@article{PSW,
	Author = {de Pagter, B. and Witvliet, H. and Sukochev, F.},
	Fjournal = {Journal of Functional Analysis},
	Issn = {0022-1236},
	Journal = {J. Funct. Anal.},
	Mrclass = {46L52 (46G10 47A99 47B49)},
	Mrnumber = {1918492},
	Mrreviewer = {Christian Le Merdy},
	Number = {1},
	Pages = {52--111},
	Title = {Double operator integrals},
	Url = {https://doi.org/10.1006/jfan.2001.3898},
	Volume = {192},
	Year = {2002},
	Bdsk-Url-1 = {https://doi.org/10.1006/jfan.2001.3898}}

@incollection{PX,
	Author = {G. Pisier and Q. Xu},
	Booktitle = {Handbook of the geometry of {B}anach spaces, {V}ol. 2},
	Doi = {10.1016/S1874-5849(03)80041-4},
	Mrclass = {46L52 (46L51)},
	Mrnumber = {1999201},
	Mrreviewer = {Narcisse Randrianantoanina},
	Pages = {1459--1517},
	Publisher = {North-Holland, Amsterdam},
	Title = {Non-commutative {$L^p$}-spaces},
	Url = {https://doi.org/10.1016/S1874-5849(03)80041-4},
	Year = {2003},
	Bdsk-Url-1 = {https://doi.org/10.1016/S1874-5849(03)80041-4}}

@article{FK,
	Author = {T. Fack and H. Kosaki},
	Fjournal = {Pacific Journal of Mathematics},
	Issn = {0030-8730},
	Journal = {Pacific J. Math.},
	Mrclass = {46L10 (46L50 47A30)},
	Mrnumber = {840845},
	Mrreviewer = {H. Araki},
	Number = {2},
	Pages = {269--300},
	Title = {Generalized {$s$}-numbers of {$\tau$}-measurable operators},
	Url = {http://projecteuclid.org/euclid.pjm/1102701004},
	Volume = {123},
	Year = {1986},
	Bdsk-Url-1 = {http://projecteuclid.org/euclid.pjm/1102701004}}

@book{FischerRuzhansky2016,
	Author = {V. Fischer and M. Ruzhansky},
	Doi = {10.1007/978-3-319-29558-9},
	Isbn = {978-3-319-29557-2; 978-3-319-29558-9},
	Mrclass = {22E25 (22E30 35R03 35S05 43A80 46L05)},
	Mrnumber = {3469687},
	Mrreviewer = {Antoni Wawrzy\'{n}czyk},
	Pages = {xiii+557},
	Publisher = {Birkh\"{a}user/Springer, [Cham]},
	Series = {Progress in Mathematics},
	Title = {Quantization on nilpotent {L}ie groups},
	Url = {https://doi-org.wwwproxy1.library.unsw.edu.au/10.1007/978-3-319-29558-9},
	Volume = {314},
	Year = {2016},
	Bdsk-Url-1 = {https://doi-org.wwwproxy1.library.unsw.edu.au/10.1007/978-3-319-29558-9},
	Bdsk-Url-2 = {https://doi.org/10.1007/978-3-319-29558-9}}

@book{DixmierCStar1977,
	Author = {J. Dixmier},
	Isbn = {0-7204-0762-1},
	Mrclass = {46L05},
	Mrnumber = {0458185},
	Note = {Translated from the French by Francis Jellett},
	Pages = {xiii+492},
	Publisher = {North-Holland Publishing Co., Amsterdam-New York-Oxford},
	Series = {North-Holland Mathematical Library, Vol. 15},
	Title = {{$C\sp*$}-algebras},
	Year = {1977}}

@article {MR4628890,
    AUTHOR = {E. McDonald and F. Sukochev and D. Zanin},
     TITLE = {Spectral estimates and asymptotics for stratified {L}ie
              groups},
   JOURNAL = {J. Funct. Anal.},
  FJOURNAL = {Journal of Functional Analysis},
    VOLUME = {285},
      YEAR = {2023},
    NUMBER = {10},
     PAGES = {Paper No. 110105, 64},
      ISSN = {0022-1236},
   MRCLASS = {43A85 (47B10)},
  MRNUMBER = {4628890},
MRREVIEWER = {Andreas Nilsson},
       DOI = {10.1016/j.jfa.2023.110105},
       URL = {https://doi.org/10.1016/j.jfa.2023.110105},
}


@article {MSZ2018,
    AUTHOR = {E. McDonald and F. Sukochev and D. Zanin},
     TITLE = {A {$C^*$}-algebraic approach to the principal symbol {II}},
   JOURNAL = {Math. Ann.},
  FJOURNAL = {Mathematische Annalen},
    VOLUME = {374},
      YEAR = {2019},
    NUMBER = {1-2},
     PAGES = {273--322},
      ISSN = {0025-5831},
   MRCLASS = {46L05 (46L10 58B34 58J40)},
  MRNUMBER = {3961311},
MRREVIEWER = {Esteban Andruchow},
       DOI = {10.1007/s00208-019-01822-7},
       URL = {https://doi.org/10.1007/s00208-019-01822-7},
}

@article {Dao1,
    AUTHOR = {Sukochev, F. and Zanin, D.},
     TITLE = {A {$C^\ast$}-algebraic approach to the principal symbol. {I}},
   JOURNAL = {J. Operator Theory},
  FJOURNAL = {Journal of Operator Theory},
    VOLUME = {80},
      YEAR = {2018},
    NUMBER = {2},
     PAGES = {481--522},
      ISSN = {0379-4024},
   MRCLASS = {46L87 (47G30 47L20 47L30 58B34)},
  MRNUMBER = {3871833},
MRREVIEWER = {Michael Frank},
}




@article {Peller-moi-2016,
    AUTHOR = {Peller, V.V.},
     TITLE = {Multiple operator integrals in perturbation theory},
   JOURNAL = {Bull. Math. Sci.},
  FJOURNAL = {Bulletin of Mathematical Sciences},
    VOLUME = {6},
      YEAR = {2016},
    NUMBER = {1},
     PAGES = {15--88},
      ISSN = {1664-3607},
   MRCLASS = {47A56 (46G05 47A55 47B10)},
  MRNUMBER = {3472849},
MRREVIEWER = {\`Edward L. Pekarev},
       DOI = {10.1007/s13373-015-0073-y},
       URL = {https://doi.org/10.1007/s13373-015-0073-y},
}


@book {SkripkaTomskova,
    AUTHOR = {A. Skripka and A. Tomskova},
     TITLE = {Multilinear operator integrals},
    SERIES = {Lecture Notes in Mathematics},
    VOLUME = {2250},
      NOTE = {Theory and applications},
 PUBLISHER = {Springer, Cham},
      YEAR = {[2019] \copyright 2019},
     PAGES = {xi+190},
      ISBN = {978-3-030-32405-6; 978-3-030-32406-3},
   MRCLASS = {46L51 (26A16 46L87 46N50)},
  MRNUMBER = {3971571},
       DOI = {10.1007/978-3-030-32406-3},
       URL = {https://doi.org/10.1007/978-3-030-32406-3},
}


@book {GlimmJaffe,
    AUTHOR = {J. Glimm and A. Jaffe},
     TITLE = {Quantum physics},
   EDITION = {Second},
      NOTE = {A functional integral point of view},
 PUBLISHER = {Springer-Verlag, New York},
      YEAR = {1987},
     PAGES = {xxii+535},
      ISBN = {0-387-96476-2},
   MRCLASS = {81-02 (81E05)},
  MRNUMBER = {887102},
MRREVIEWER = {P. D. F. Ion},
       DOI = {10.1007/978-1-4612-4728-9},
       URL = {https://doi.org/10.1007/978-1-4612-4728-9},
}

@book {AbramowitzStegun,
    AUTHOR = {M. Abramowitz and I. Stegun},
     TITLE = {Handbook of mathematical functions with formulas, graphs, and
              mathematical tables},
    SERIES = {National Bureau of Standards Applied Mathematics Series},
    VOLUME = {55},
      YEAR = {1964},
     PAGES = {xiv+1046},
   MRCLASS = {33.00 (65.05)},
  MRNUMBER = {0167642},
MRREVIEWER = {D. H. Lehmer},
}



@book {Zworski2012,
    AUTHOR = {M. Zworski},
     TITLE = {Semiclassical analysis},
    SERIES = {Graduate Studies in Mathematics},
    VOLUME = {138},
 PUBLISHER = {American Mathematical Society, Providence, RI},
      YEAR = {2012},
     PAGES = {xii+431},
      ISBN = {978-0-8218-8320-4},
   MRCLASS = {58J40 (35P05 35S05 81Q20)},
  MRNUMBER = {2952218},
MRREVIEWER = {David Borthwick},
       DOI = {10.1090/gsm/138},
       URL = {https://doi.org/10.1090/gsm/138},
}

@article {Arazy1978,
    AUTHOR = {J. Arazy},
     TITLE = {Addendum: ``{S}ome remarks on interpolation theorems and the
              boundness of the triangular projection in unitary matrix
              spaces''},
   JOURNAL = {Integral Equations Operator Theory},
  FJOURNAL = {Integral Equations and Operator Theory},
    VOLUME = {2},
      YEAR = {1979},
    NUMBER = {4},
     PAGES = {600},
      ISSN = {0378-620X},
   MRCLASS = {47D25 (46A45 46M35)},
  MRNUMBER = {555779},
       DOI = {10.1007/BF01691078},
       URL = {https://doi-org.wwwproxy1.library.unsw.edu.au/10.1007/BF01691078},
}


@article {CSZ_AIF,
    AUTHOR = {M. Caspers and F. Sukochev and D. Zanin},
     TITLE = {Weak type operator {L}ipschitz and commutator estimates for
              commuting tuples},
   JOURNAL = {Ann. Inst. Fourier (Grenoble)},
  FJOURNAL = {Universit\'{e} de Grenoble. Annales de l'Institut Fourier},
    VOLUME = {68},
      YEAR = {2018},
    NUMBER = {4},
     PAGES = {1643--1669},
      ISSN = {0373-0956},
   MRCLASS = {47A60 (47A30 47L20)},
  MRNUMBER = {3887430},
MRREVIEWER = {Hermann K\"{o}nig},
       URL = {http://aif.cedram.org/item?id=AIF_2018__68_4_1643_0},
}

@article {ACDS,
    AUTHOR = {Azamov, N. A. and Carey, A. L. and Dodds, P. G. and Sukochev,
              F. A.},
     TITLE = {Operator integrals, spectral shift, and spectral flow},
   JOURNAL = {Canad. J. Math.},
  FJOURNAL = {Canadian Journal of Mathematics. Journal Canadien de
              Math\'{e}matiques},
    VOLUME = {61},
      YEAR = {2009},
    NUMBER = {2},
     PAGES = {241--263},
      ISSN = {0008-414X},
   MRCLASS = {47A56 (46L10 47A55)},
  MRNUMBER = {2504014},
MRREVIEWER = {\`E. V. Kissin},
       DOI = {10.4153/CJM-2009-012-0},
       URL = {https://doi-org.wwwproxy1.library.unsw.edu.au/10.4153/CJM-2009-012-0},
}

@article {MSZ-krein,
AUTHOR = {McDonald E. and Sukochev F. and Zanin D.},
TITLE={Krein's theorem revisited},
}